<?xml version="1.0" encoding="UTF-8"?>
<!DOCTYPE html PUBLIC "-//W3C//DTD XHTML 1.0 Transitional//EN"
    "http://www.w3.org/TR/xhtml1/DTD/xhtml1-transitional.dtd">
<html xmlns="http://www.w3.org/1999/xhtml" xml:lang="en" lang="en">
 <head>
  <title>
</title>
<meta http-equiv="Content-Type" content="text/html;charset=utf-8" />
  <meta name='ocr-system' content='tesseract 3.04.00' />
  <meta name='ocr-capabilities' content='ocr_page ocr_carea ocr_par ocr_line ocrx_word'/>
</head>
<body>
  <div class='ocr_page' id='page_1' title='image "./comicorvmgraeco01kaibgoog_0149.png"; bbox 0 0 3164 4800; ppageno 0'>
   <div class='ocr_carea' id='block_1_1' title="bbox 201 275 1012 346">
    <p class='ocr_par' dir='ltr' id='par_1_1' title="bbox 201 275 1012 346">
     <span class='ocr_line' id='line_1_1' title="bbox 201 275 1012 346; baseline -0.018 -1"><span class='ocrx_word' id='word_1_1' title='bbox 201 287 261 346; x_wconf 86' lang='lat'><strong><em>132</em></strong></span> <span class='ocrx_word' id='word_1_2' title='bbox 648 279 843 338; x_wconf 84' lang='lat' dir='ltr'>COMOEDIA</span> <span class='ocrx_word' id='word_1_3' title='bbox 860 275 1012 335; x_wconf 76' lang='lat' dir='ltr'><strong>DORICA&#39;</strong></span> 
     </span>
    </p>
   </div>
   <div class='ocr_carea' id='block_1_2' title="bbox 284 457 1137 607">
    <p class='ocr_par' dir='ltr' id='par_1_2' title="bbox 284 457 1137 607">
     <span class='ocr_line' id='line_1_2' title="bbox 284 457 299 490; baseline 0 0"><span class='ocrx_word' id='word_1_4' title='bbox 284 457 299 490; x_wconf 81' lang='grc'>*</span> 
     </span>
     <span class='ocr_line' id='line_1_3' title="bbox 304 461 1137 607; baseline -0.008 -17"><span class='ocrx_word' id='word_1_5' title='bbox 304 461 354 511; x_wconf 64' lang='lat'><strong><em>233</em></strong></span> <span class='ocrx_word' id='word_1_6' title='bbox 520 524 568 590; x_wconf 79' lang='grc' dir='ltr'><strong><em>αἰεὶ</em></strong></span> <span class='ocrx_word' id='word_1_7' title='bbox 591 521 756 607; x_wconf 85' lang='grc' dir='ltr'><strong><em>γεωμόρος</em></strong></span> <span class='ocrx_word' id='word_1_8' title='bbox 779 528 822 600; x_wconf 85' lang='grc' dir='ltr'><strong><em>εἰς</em></strong></span> <span class='ocrx_word' id='word_1_9' title='bbox 846 525 949 588; x_wconf 85' lang='grc' dir='ltr'><strong><em>νέωτα</em></strong></span> <span class='ocrx_word' id='word_1_10' title='bbox 971 515 1137 596; x_wconf 79' lang='grc' dir='ltr'><strong><em>πλούσιος.</em></strong></span> 
     </span>
    </p>
   </div>
   <div class='ocr_carea' id='block_1_3' title="bbox 285 643 1462 727">
    <p class='ocr_par' dir='ltr' id='par_1_3' title="bbox 285 643 1462 727">
     <span class='ocr_line' id='line_1_4' title="bbox 285 643 1462 727; baseline -0.008 -12"><span class='ocrx_word' id='word_1_11' title='bbox 285 659 355 715; x_wconf 86' lang='lat' dir='ltr'>Ath.</span> <span class='ocrx_word' id='word_1_12' title='bbox 373 660 414 714; x_wconf 94' lang='lat' dir='ltr'><strong><em>III</em></strong></span> <span class='ocrx_word' id='word_1_13' title='bbox 434 663 490 712; x_wconf 79' lang='grc'><strong>111.</strong></span> <span class='ocrx_word' id='word_1_14' title='bbox 520 657 597 727; x_wconf 84' lang='lat' dir='ltr'><strong>vulg.</strong></span> <span class='ocrx_word' id='word_1_15' title='bbox 614 658 643 712; x_wconf 91' lang='grc' dir='ltr'>Π</span> <span class='ocrx_word' id='word_1_16' title='bbox 659 661 693 711; x_wconf 86' lang='grc'><strong><em>43</em></strong></span> <span class='ocrx_word' id='word_1_17' title='bbox 716 653 762 713; x_wconf 81' lang='grc' dir='ltr'><strong><em>ἐπὶ</em></strong></span> <span class='ocrx_word' id='word_1_18' title='bbox 780 659 840 712; x_wconf 87' lang='grc' dir='ltr'><strong><em>τῶν</em></strong></span> <span class='ocrx_word' id='word_1_19' title='bbox 856 652 947 712; x_wconf 76' lang='grc' dir='ltr'><strong><em>ἐλπίδι</em></strong></span> <span class='ocrx_word' id='word_1_20' title='bbox 968 653 1022 723; x_wconf 81' lang='grc' dir='ltr'><strong><em>μέν</em></strong></span> <span class='ocrx_word' id='word_1_21' title='bbox 1043 647 1089 709; x_wconf 79' lang='grc' dir='ltr'><strong><em>ἀεὶ</em></strong></span> <span class='ocrx_word' id='word_1_22' title='bbox 1106 650 1294 724; x_wconf 81' lang='grc' dir='ltr'><strong><em>τρεφομένων</em></strong></span> <span class='ocrx_word' id='word_1_23' title='bbox 1314 643 1462 709; x_wconf 69' lang='grc' dir='ltr'><strong><em>ἀπαλλάτ-</em></strong></span> 
     </span>
    </p>
   </div>
   <div class='ocr_carea' id='block_1_4' title="bbox 201 734 1463 904">
    <p class='ocr_par' dir='ltr' id='par_1_4' title="bbox 201 734 1463 904">
     <span class='ocr_line' id='line_1_5' title="bbox 201 734 1115 811; baseline -0.01 -8"><span class='ocrx_word' id='word_1_24' title='bbox 201 750 305 804; x_wconf 77' lang='grc' dir='ltr'><strong><em>τεσθαι</em></strong></span> <span class='ocrx_word' id='word_1_25' title='bbox 322 749 381 802; x_wconf 91' lang='grc' dir='ltr'><strong><em>τῶν</em></strong></span> <span class='ocrx_word' id='word_1_26' title='bbox 399 747 507 808; x_wconf 80' lang='grc' dir='ltr'><strong><em>δεινῶν,</em></strong></span> <span class='ocrx_word' id='word_1_27' title='bbox 528 752 591 809; x_wconf 86' lang='grc' dir='ltr'><strong><em>τοῖς</em></strong></span> <span class='ocrx_word' id='word_1_28' title='bbox 609 736 707 808; x_wconf 82' lang='grc' dir='ltr'><strong><em>αὐτοῖς</em></strong></span> <span class='ocrx_word' id='word_1_29' title='bbox 724 742 754 799; x_wconf 80' lang='grc' dir='ltr'><strong><em>δέ</em></strong></span> <span class='ocrx_word' id='word_1_30' title='bbox 768 737 858 799; x_wconf 76' lang='grc' dir='ltr'><strong><em>πάλιν</em></strong></span> <span class='ocrx_word' id='word_1_31' title='bbox 875 734 1115 811; x_wconf 83' lang='grc' dir='ltr'><strong><em>περιπιπτόντων.</em></strong></span> 
     </span>
     <span class='ocr_line' id='line_1_6' title="bbox 287 812 1463 904; baseline -0.01 -16"><span class='ocrx_word' id='word_1_32' title='bbox 287 824 419 904; x_wconf 83' lang='grc' dir='ltr'><strong><em>γεωργός</em></strong></span> <span class='ocrx_word' id='word_1_33' title='bbox 440 845 542 884; x_wconf 87' lang='lat' dir='ltr'>recens.</span> <span class='ocrx_word' id='word_1_34' title='bbox 559 827 646 883; x_wconf 87' lang='lat' dir='ltr'>Paris.</span> <span class='ocrx_word' id='word_1_35' title='bbox 671 825 705 882; x_wconf 73' lang='lat' dir='ltr'><strong><em>cf·</em></strong></span> <span class='ocrx_word' id='word_1_36' title='bbox 723 826 801 882; x_wconf 85' lang='lat' dir='ltr'>Stcb.</span> <span class='ocrx_word' id='word_1_37' title='bbox 818 825 849 879; x_wconf 84' lang='lat' dir='ltr'><strong><em>fl.</em></strong></span> <span class='ocrx_word' id='word_1_38' title='bbox 868 827 937 890; x_wconf 55' lang='lat'><strong><em>528</em></strong></span> <span class='ocrx_word' id='word_1_39' title='bbox 957 819 1091 896; x_wconf 79' lang='grc' dir='ltr'><strong><em>Φιλήμων</em></strong></span> <span class='ocrx_word' id='word_1_40' title='bbox 1113 820 1145 880; x_wconf 88' lang='grc' dir='ltr'><strong><em>ἐν</em></strong></span> <span class='ocrx_word' id='word_1_41' title='bbox 1157 817 1383 896; x_wconf 67' lang='grc' dir='ltr'><strong><em>Ὑποβολιμαίιοι</em></strong></span> <span class='ocrx_word' id='word_1_42' title='bbox 1401 812 1463 878; x_wconf 72' lang='grc' dir='ltr'><strong><em>ιαἰεὶ</em></strong></span> 
     </span>
    </p>
   </div>
   <div class='ocr_carea' id='block_1_5' title="bbox 200 906 1465 1058">
    <p class='ocr_par' dir='ltr' id='par_1_5' title="bbox 200 906 1465 1058">
     <span class='ocr_line' id='line_1_7' title="bbox 201 906 1465 988; baseline -0.01 -15"><span class='ocrx_word' id='word_1_43' title='bbox 201 910 331 988; x_wconf 82' lang='grc' dir='ltr'><strong><em>γεωργὸς</em></strong></span> <span class='ocrx_word' id='word_1_44' title='bbox 348 913 389 981; x_wconf 81' lang='grc' dir='ltr'><strong><em>εἰς</em></strong></span> <span class='ocrx_word' id='word_1_45' title='bbox 406 934 430 972; x_wconf 90' lang='grc' dir='ltr'><strong><em>ν.</em></strong></span> <span class='ocrx_word' id='word_1_46' title='bbox 448 906 503 971; x_wconf 62' lang='lat' dir='ltr'><strong><em>ut?</em></strong></span> <span class='ocrx_word' id='word_1_47' title='bbox 537 913 584 969; x_wconf 86' lang='lat' dir='ltr'><strong><em>vel</em></strong></span> <span class='ocrx_word' id='word_1_48' title='bbox 602 919 716 983; x_wconf 86' lang='lat' dir='ltr'>propter</span> <span class='ocrx_word' id='word_1_49' title='bbox 731 907 884 985; x_wconf 83' lang='grc' dir='ltr'><strong><em>γειομόρος</em></strong></span> <span class='ocrx_word' id='word_1_50' title='bbox 900 909 1017 966; x_wconf 82' lang='lat' dir='ltr'>formam</span> <span class='ocrx_word' id='word_1_51' title='bbox 1035 909 1149 965; x_wconf 87' lang='lat' dir='ltr'>dubium</span> <span class='ocrx_word' id='word_1_52' title='bbox 1166 926 1232 964; x_wconf 91' lang='lat' dir='ltr'><strong><em>num</em></strong></span> <span class='ocrx_word' id='word_1_53' title='bbox 1249 906 1406 978; x_wconf 79' lang='lat' dir='ltr'>Epicharmi</span> <span class='ocrx_word' id='word_1_54' title='bbox 1424 906 1465 960; x_wconf 91' lang='lat' dir='ltr'><strong><em>sit</em></strong></span> 
     </span>
     <span class='ocr_line' id='line_1_8' title="bbox 200 1018 305 1058; baseline -0.019 0"><span class='ocrx_word' id='word_1_55' title='bbox 200 1018 305 1058; x_wconf 86' lang='lat' dir='ltr'>versus.</span> 
     </span>
    </p>
   </div>
   <div class='ocr_carea' id='block_1_6' title="bbox 202 1110 1464 1786">
    <p class='ocr_par' dir='ltr' id='par_1_6' title="bbox 202 1110 1464 1786">
     <span class='ocr_line' id='line_1_9' title="bbox 286 1110 1464 1188; baseline -0.005 -14"><span class='ocrx_word' id='word_1_56' title='bbox 286 1121 357 1174; x_wconf 80' lang='grc'>*231</span> <span class='ocrx_word' id='word_1_57' title='bbox 392 1118 599 1174; x_wconf 76' lang='lat' dir='ltr'>Arnnlms.</span> <span class='ocrx_word' id='word_1_58' title='bbox 633 1115 890 1186; x_wconf 84' lang='lat' dir='ltr'>App.pr0v.150</span> <span class='ocrx_word' id='word_1_59' title='bbox 913 1111 1008 1173; x_wconf 81' lang='grc' dir='ltr'><strong><em>Βάτα</em></strong></span> <span class='ocrx_word' id='word_1_60' title='bbox 1031 1111 1164 1188; x_wconf 78' lang='grc' dir='ltr'><strong><em>Κάρας·</em></strong></span> <span class='ocrx_word' id='word_1_61' title='bbox 1191 1110 1320 1183; x_wconf 77' lang='grc' dir='ltr'><strong><em>ἐπὶτῶν</em></strong></span> <span class='ocrx_word' id='word_1_62' title='bbox 1341 1111 1464 1184; x_wconf 80' lang='grc' dir='ltr'><strong><em>παχέων</em></strong></span> 
     </span>
     <span class='ocr_line' id='line_1_10' title="bbox 202 1193 1461 1278; baseline -0.007 -14"><span class='ocrx_word' id='word_1_63' title='bbox 202 1207 316 1278; x_wconf 84' lang='grc' dir='ltr'><strong><em>λέγεται</em></strong></span> <span class='ocrx_word' id='word_1_64' title='bbox 337 1208 434 1262; x_wconf 82' lang='grc' dir='ltr'><strong><em>τοῦτο.</em></strong></span> <span class='ocrx_word' id='word_1_65' title='bbox 470 1203 544 1269; x_wconf 80' lang='grc' dir='ltr'><strong><em>τινές</em></strong></span> <span class='ocrx_word' id='word_1_66' title='bbox 568 1193 620 1261; x_wconf 77' lang='grc' dir='ltr'><strong><em>οὖν</em></strong></span> <span class='ocrx_word' id='word_1_67' title='bbox 636 1196 775 1270; x_wconf 78' lang='grc' dir='ltr'><strong><em>ἐνόμισαν</em></strong></span> <span class='ocrx_word' id='word_1_68' title='bbox 796 1195 829 1256; x_wconf 80' lang='grc' dir='ltr'><strong><em>έν</em></strong></span> <span class='ocrx_word' id='word_1_69' title='bbox 847 1196 941 1268; x_wconf 83' lang='grc' dir='ltr'><strong><em>ὄνομα</em></strong></span> <span class='ocrx_word' id='word_1_70' title='bbox 960 1194 1042 1258; x_wconf 82' lang='grc' dir='ltr'><strong><em>τοῦτ’</em></strong></span> <span class='ocrx_word' id='word_1_71' title='bbox 1059 1195 1145 1267; x_wconf 77' lang='grc' dir='ltr'><strong><em>εἶναι,</em></strong></span> <span class='ocrx_word' id='word_1_72' title='bbox 1169 1203 1217 1257; x_wconf 77' lang='grc' dir='ltr'><strong><em>καὶ</em></strong></span> <span class='ocrx_word' id='word_1_73' title='bbox 1235 1194 1395 1272; x_wconf 75' lang='grc' dir='ltr'><strong><em>ἐχρήσαπο</em></strong></span> <span class='ocrx_word' id='word_1_74' title='bbox 1413 1201 1461 1271; x_wconf 86' lang='grc' dir='ltr'><strong><em>τῆι</em></strong></span> 
     </span>
     <span class='ocr_line' id='line_1_11' title="bbox 203 1277 1463 1365; baseline -0.006 -17"><span class='ocrx_word' id='word_1_75' title='bbox 203 1291 357 1365; x_wconf 76' lang='grc' dir='ltr'><strong><em>παροιμίαι</em></strong></span> <span class='ocrx_word' id='word_1_76' title='bbox 374 1287 421 1345; x_wconf 80' lang='grc' dir='ltr'><strong><em>ἐπὶ</em></strong></span> <span class='ocrx_word' id='word_1_77' title='bbox 433 1291 493 1344; x_wconf 93' lang='grc' dir='ltr'><strong><em>τῶν</em></strong></span> <span class='ocrx_word' id='word_1_78' title='bbox 504 1287 628 1358; x_wconf 81' lang='grc' dir='ltr'><strong><em>παχέων.</em></strong></span> <span class='ocrx_word' id='word_1_79' title='bbox 657 1284 718 1343; x_wconf 80' lang='grc' dir='ltr'><strong><em>ἐστὶ</em></strong></span> <span class='ocrx_word' id='word_1_80' title='bbox 730 1286 760 1343; x_wconf 80' lang='grc' dir='ltr'><strong><em>δέ</em></strong></span> <span class='ocrx_word' id='word_1_81' title='bbox 777 1280 838 1352; x_wconf 71' lang='grc' dir='ltr'><strong><em>υἱὸς</em></strong></span> <span class='ocrx_word' id='word_1_82' title='bbox 857 1279 873 1343; x_wconf 83' lang='grc' dir='ltr'><em>ὃ</em></span> <span class='ocrx_word' id='word_1_83' title='bbox 888 1281 988 1357; x_wconf 82' lang='grc' dir='ltr'><strong><em>Κάρας</em></strong></span> <span class='ocrx_word' id='word_1_84' title='bbox 1000 1288 1054 1342; x_wconf 86' lang='grc' dir='ltr'><strong><em>τοῦ</em></strong></span> <span class='ocrx_word' id='word_1_85' title='bbox 1065 1281 1159 1352; x_wconf 83' lang='grc' dir='ltr'><strong><em>Βοὶτα,</em></strong></span> <span class='ocrx_word' id='word_1_86' title='bbox 1177 1278 1217 1351; x_wconf 79' lang='grc' dir='ltr'><strong><em>ῶς</em></strong></span> <span class='ocrx_word' id='word_1_87' title='bbox 1228 1282 1260 1342; x_wconf 92' lang='grc' dir='ltr'><strong><em>ἐν</em></strong></span> <span class='ocrx_word' id='word_1_88' title='bbox 1275 1287 1327 1341; x_wconf 91' lang='grc' dir='ltr'><strong><em>τῶι</em></strong></span> <span class='ocrx_word' id='word_1_89' title='bbox 1341 1277 1463 1354; x_wconf 71' lang='lat' dir='ltr'>‘Hosion</span> 
     </span>
     <span class='ocr_line' id='line_1_12' title="bbox 203 1369 1462 1444; baseline -0.007 -11"><span class='ocrx_word' id='word_1_90' title='bbox 203 1379 255 1433; x_wconf 92' lang='grc' dir='ltr'><strong><em>τῶι</em></strong></span> <span class='ocrx_word' id='word_1_91' title='bbox 284 1376 399 1442; x_wconf 78' lang='grc' dir='ltr'><strong><em>Σαμίωι</em></strong></span> <span class='ocrx_word' id='word_1_92' title='bbox 426 1373 453 1439; x_wconf 87' lang='grc' dir='ltr'><strong><em>(Ι.</em></strong></span> <span class='ocrx_word' id='word_1_93' title='bbox 472 1373 603 1442; x_wconf 84' lang='grc' dir='ltr'><strong><em>Σαμίων)</em></strong></span> <span class='ocrx_word' id='word_1_94' title='bbox 628 1369 843 1444; x_wconf 75' lang='grc' dir='ltr'><strong><em>ἐπιγέγραπται.</em></strong></span> <span class='ocrx_word' id='word_1_95' title='bbox 878 1369 989 1426; x_wconf 88' lang='lat' dir='ltr'>titulum</span> <span class='ocrx_word' id='word_1_96' title='bbox 1015 1377 1171 1439; x_wconf 83' lang='lat' dir='ltr'>comuptum</span> <span class='ocrx_word' id='word_1_97' title='bbox 1195 1369 1318 1425; x_wconf 87' lang='lat' dir='ltr'>servavit</span> <span class='ocrx_word' id='word_1_98' title='bbox 1339 1369 1462 1441; x_wconf 77' lang='lat' dir='ltr'>Hesych.</span> 
     </span>
     <span class='ocr_line' id='line_1_13' title="bbox 204 1446 1463 1530; baseline -0.006 -12"><span class='ocrx_word' id='word_1_99' title='bbox 204 1456 302 1518; x_wconf 79' lang='grc' dir='ltr'><strong><em>Βάστα</em></strong></span> <span class='ocrx_word' id='word_1_100' title='bbox 315 1455 417 1527; x_wconf 82' lang='grc' dir='ltr'><strong><em>Κάρας</em></strong></span> <span class='ocrx_word' id='word_1_101' title='bbox 430 1453 542 1515; x_wconf 70' lang='lat' dir='ltr'>‘Bricca</span> <span class='ocrx_word' id='word_1_102' title='bbox 555 1453 656 1530; x_wconf 82' lang='grc' dir='ltr'><strong><em>Κάρας</em></strong></span> <span class='ocrx_word' id='word_1_103' title='bbox 668 1451 781 1526; x_wconf 80' lang='grc' dir='ltr'><strong><em>Σάμιος</em></strong></span> <span class='ocrx_word' id='word_1_104' title='bbox 791 1446 875 1530; x_wconf 67' lang='grc' dir='ltr'><strong><em>’Ἡρηι</em></strong></span> <span class='ocrx_word' id='word_1_105' title='bbox 894 1452 975 1529; x_wconf 82' lang='grc' dir='ltr'><strong><em>τήνδε</em></strong></span> <span class='ocrx_word' id='word_1_106' title='bbox 992 1451 1085 1529; x_wconf 71' lang='grc' dir='ltr'><strong><em>θήρην</em></strong></span> <span class='ocrx_word' id='word_1_107' title='bbox 1101 1449 1245 1527; x_wconf 58' lang='grc' dir='ltr'><strong><em>οἷνέθηκεῖ</em></strong></span> <span class='ocrx_word' id='word_1_108' title='bbox 1280 1471 1351 1526; x_wconf 85' lang='lat' dir='ltr'>quae</span> <span class='ocrx_word' id='word_1_109' title='bbox 1367 1455 1463 1510; x_wconf 85' lang='lat' dir='ltr'>omnia</span> 
     </span>
     <span class='ocr_line' id='line_1_14' title="bbox 203 1540 1462 1612; baseline -0.005 -11"><span class='ocrx_word' id='word_1_110' title='bbox 203 1553 235 1601; x_wconf 89' lang='lat' dir='ltr'><strong><em>ut</em></strong></span> <span class='ocrx_word' id='word_1_111' title='bbox 251 1545 334 1600; x_wconf 84' lang='lat' dir='ltr'>docta</span> <span class='ocrx_word' id='word_1_112' title='bbox 350 1543 390 1598; x_wconf 85' lang='lat' dir='ltr'><strong><em>ita</em></strong></span> <span class='ocrx_word' id='word_1_113' title='bbox 406 1559 536 1612; x_wconf 85' lang='lat' dir='ltr'>perversa</span> <span class='ocrx_word' id='word_1_114' title='bbox 553 1548 625 1598; x_wconf 86' lang='lat' dir='ltr'>sunt</span> <span class='ocrx_word' id='word_1_115' title='bbox 655 1541 751 1597; x_wconf 88' lang='lat' dir='ltr'>titulus</span> <span class='ocrx_word' id='word_1_116' title='bbox 768 1542 839 1597; x_wconf 85' lang='lat' dir='ltr'>male</span> <span class='ocrx_word' id='word_1_117' title='bbox 857 1540 1009 1610; x_wconf 76' lang='lat' dir='ltr'>descriptus</span> <span class='ocrx_word' id='word_1_118' title='bbox 1026 1541 1062 1597; x_wconf 81' lang='lat' dir='ltr'><strong><em>ad</em></strong></span> <span class='ocrx_word' id='word_1_119' title='bbox 1072 1541 1250 1611; x_wconf 88' lang='lat' dir='ltr'>proverbium</span> <span class='ocrx_word' id='word_1_120' title='bbox 1268 1540 1462 1610; x_wconf 87' lang='lat' dir='ltr'>explicandum</span> 
     </span>
     <span class='ocr_line' id='line_1_15' title="bbox 202 1625 1461 1698; baseline -0.002 -13"><span class='ocrx_word' id='word_1_121' title='bbox 202 1629 303 1685; x_wconf 89' lang='lat' dir='ltr'>nullius</span> <span class='ocrx_word' id='word_1_122' title='bbox 320 1645 395 1693; x_wconf 86' lang='lat' dir='ltr'>usus,</span> <span class='ocrx_word' id='word_1_123' title='bbox 421 1628 601 1698; x_wconf 79' lang='lat' dir='ltr'>Epicharmus</span> <span class='ocrx_word' id='word_1_124' title='bbox 626 1645 677 1684; x_wconf 90' lang='lat' dir='ltr'><strong><em>nec</em></strong></span> <span class='ocrx_word' id='word_1_125' title='bbox 702 1626 811 1683; x_wconf 88' lang='lat' dir='ltr'>titulum</span> <span class='ocrx_word' id='word_1_126' title='bbox 838 1643 888 1682; x_wconf 89' lang='lat' dir='ltr'><strong><em>nec</em></strong></span> <span class='ocrx_word' id='word_1_127' title='bbox 913 1625 1092 1695; x_wconf 90' lang='lat' dir='ltr'>proverbium</span> <span class='ocrx_word' id='word_1_128' title='bbox 1118 1632 1243 1682; x_wconf 79' lang='lat' dir='ltr'>noverat</span> <span class='ocrx_word' id='word_1_129' title='bbox 1278 1632 1398 1682; x_wconf 88' lang='lat' dir='ltr'>ceterum</span> <span class='ocrx_word' id='word_1_130' title='bbox 1424 1625 1461 1682; x_wconf 87' lang='lat' dir='ltr'><strong><em>cf.</em></strong></span> 
     </span>
     <span class='ocr_line' id='line_1_16' title="bbox 204 1708 1135 1786; baseline -0.004 -16"><span class='ocrx_word' id='word_1_131' title='bbox 204 1714 323 1786; x_wconf 86' lang='lat' dir='ltr'>Hesych.</span> <span class='ocrx_word' id='word_1_132' title='bbox 344 1709 457 1779; x_wconf 77' lang='grc' dir='ltr'><strong><em>Βάστας</em></strong></span> <span class='ocrx_word' id='word_1_133' title='bbox 475 1708 491 1771; x_wconf 84' lang='grc' dir='ltr'>ὁ</span> <span class='ocrx_word' id='word_1_134' title='bbox 511 1715 585 1778; x_wconf 81' lang='grc' dir='ltr'><strong><em>Χῖος</em></strong></span> <span class='ocrx_word' id='word_1_135' title='bbox 603 1729 638 1768; x_wconf 85' lang='lat' dir='ltr'><strong><em>ex</em></strong></span> <span class='ocrx_word' id='word_1_136' title='bbox 655 1713 800 1784; x_wconf 83' lang='lat' dir='ltr'>Eupolidis</span> <span class='ocrx_word' id='word_1_137' title='bbox 817 1712 914 1782; x_wconf 84' lang='lat' dir='ltr'>Baptis</span> <span class='ocrx_word' id='word_1_138' title='bbox 930 1711 1018 1781; x_wconf 81' lang='lat' dir='ltr'>petita</span> <span class='ocrx_word' id='word_1_139' title='bbox 1034 1712 1135 1782; x_wconf 80' lang='lat' dir='ltr'><strong>glossa.</strong></span> 
     </span>
    </p>
   </div>
   <div class='ocr_carea' id='block_1_7' title="bbox 289 1867 937 2022">
    <p class='ocr_par' dir='ltr' id='par_1_7' title="bbox 289 1867 937 2022">
     <span class='ocr_line' id='line_1_17' title="bbox 289 1867 499 1934; baseline -0.01 -12"><span class='ocrx_word' id='word_1_140' title='bbox 289 1873 338 1922; x_wconf 77' lang='lat'><strong><em>235</em></strong></span> <span class='ocrx_word' id='word_1_141' title='bbox 357 1872 416 1934; x_wconf 85' lang='lat'>(103</span> <span class='ocrx_word' id='word_1_142' title='bbox 434 1867 499 1931; x_wconf 82' lang='lat' dir='ltr'>Lor)</span> 
     </span>
     <span class='ocr_line' id='line_1_18' title="bbox 712 1936 937 2022; baseline -0.009 -18"><span class='ocrx_word' id='word_1_143' title='bbox 712 1941 809 2022; x_wconf 81' lang='grc' dir='ltr'><strong><em>γέρρα</em></strong></span> <span class='ocrx_word' id='word_1_144' title='bbox 833 1936 937 2018; x_wconf 81' lang='grc' dir='ltr'><strong><em>Ναξια</em></strong></span> 
     </span>
    </p>
   </div>
   <div class='ocr_carea' id='block_1_8' title="bbox 169 2056 1463 2567">
    <p class='ocr_par' dir='ltr' id='par_1_8' title="bbox 169 2056 1463 2567">
     <span class='ocr_line' id='line_1_19' title="bbox 169 2056 1462 2146; baseline 0 -20"><span class='ocrx_word' id='word_1_145' title='bbox 169 2056 199 2117; x_wconf 52' lang='lat' dir='ltr'><strong><em>as</em></strong></span> <span class='ocrx_word' id='word_1_146' title='bbox 289 2071 358 2126; x_wconf 85' lang='lat' dir='ltr'>Ath.</span> <span class='ocrx_word' id='word_1_147' title='bbox 370 2072 412 2125; x_wconf 87' lang='lat' dir='ltr'><strong><em>HI</em></strong></span> <span class='ocrx_word' id='word_1_148' title='bbox 432 2074 489 2125; x_wconf 80' lang='lat'><strong>116.</strong></span> <span class='ocrx_word' id='word_1_149' title='bbox 518 2069 595 2140; x_wconf 89' lang='lat' dir='ltr'>App.</span> <span class='ocrx_word' id='word_1_150' title='bbox 607 2087 687 2140; x_wconf 86' lang='lat' dir='ltr'>prov.</span> <span class='ocrx_word' id='word_1_151' title='bbox 705 2072 720 2127; x_wconf 94' lang='grc' dir='ltr'>Ι</span> <span class='ocrx_word' id='word_1_152' title='bbox 737 2077 769 2127; x_wconf 81' lang='grc'>72</span> <span class='ocrx_word' id='word_1_153' title='bbox 788 2072 878 2146; x_wconf 89' lang='grc' dir='ltr'><strong><em>γέρρα</em></strong></span> <span class='ocrx_word' id='word_1_154' title='bbox 892 2074 1008 2128; x_wconf 78' lang='grc' dir='ltr'><strong><em>Σικελοὶ</em></strong></span> <span class='ocrx_word' id='word_1_155' title='bbox 1026 2069 1140 2142; x_wconf 79' lang='grc' dir='ltr'><strong><em>λέγουσι</em></strong></span> <span class='ocrx_word' id='word_1_156' title='bbox 1158 2065 1193 2129; x_wconf 79' lang='grc' dir='ltr'><strong><em>τὰ</em></strong></span> <span class='ocrx_word' id='word_1_157' title='bbox 1212 2063 1329 2142; x_wconf 66' lang='grc' dir='ltr'><strong><em>ἀνδρεῖα</em></strong></span> <span class='ocrx_word' id='word_1_158' title='bbox 1346 2074 1396 2127; x_wconf 78' lang='grc' dir='ltr'><strong><em>καὶ</em></strong></span> <span class='ocrx_word' id='word_1_159' title='bbox 1413 2091 1462 2142; x_wconf 87' lang='grc' dir='ltr'><strong><em>γυ·</em></strong></span> 
     </span>
     <span class='ocr_line' id='line_1_20' title="bbox 204 2147 1463 2229; baseline -0.002 -15"><span class='ocrx_word' id='word_1_160' title='bbox 204 2166 317 2214; x_wconf 85' lang='grc' dir='ltr'><strong><em>ναικεῖα</em></strong></span> <span class='ocrx_word' id='word_1_161' title='bbox 336 2156 430 2213; x_wconf 77' lang='grc' dir='ltr'><strong><em>αἰδοῖα</em></strong></span> <span class='ocrx_word' id='word_1_162' title='bbox 443 2155 573 2226; x_wconf 76' lang='lat' dir='ltr'>(Hesych.</span> <span class='ocrx_word' id='word_1_163' title='bbox 586 2172 608 2210; x_wconf 91' lang='lat' dir='ltr'><strong><em>s.</em></strong></span> <span class='ocrx_word' id='word_1_164' title='bbox 620 2160 667 2223; x_wconf 65' lang='grc' dir='ltr'><strong><em>ν).</em></strong></span> <span class='ocrx_word' id='word_1_165' title='bbox 696 2147 731 2229; x_wconf 77' lang='grc' dir='ltr'><strong><em>ἧν</em></strong></span> <span class='ocrx_word' id='word_1_166' title='bbox 743 2159 773 2216; x_wconf 76' lang='grc' dir='ltr'><strong><em>δὲ</em></strong></span> <span class='ocrx_word' id='word_1_167' title='bbox 789 2155 821 2214; x_wconf 88' lang='grc' dir='ltr'><strong><em>ἐν</em></strong></span> <span class='ocrx_word' id='word_1_168' title='bbox 838 2160 884 2229; x_wconf 88' lang='grc' dir='ltr'><strong><em>τῆι</em></strong></span> <span class='ocrx_word' id='word_1_169' title='bbox 896 2159 1040 2227; x_wconf 82' lang='grc' dir='ltr'><strong><em>Σικελικῆι</em></strong></span> <span class='ocrx_word' id='word_1_170' title='bbox 1053 2150 1151 2222; x_wconf 79' lang='grc' dir='ltr'><strong><em>Νάξιοι</em></strong></span> <span class='ocrx_word' id='word_1_171' title='bbox 1168 2155 1287 2224; x_wconf 84' lang='grc' dir='ltr'><strong><em>τέμενος</em></strong></span> <span class='ocrx_word' id='word_1_172' title='bbox 1304 2151 1463 2213; x_wconf 75' lang='grc' dir='ltr'><strong><em>ἐπιθαλᾰσ·</em></strong></span> 
     </span>
     <span class='ocr_line' id='line_1_21' title="bbox 205 2231 1462 2316; baseline -0.002 -16"><span class='ocrx_word' id='word_1_173' title='bbox 205 2263 269 2301; x_wconf 91' lang='grc' dir='ltr'><strong><em>σιον</em></strong></span> <span class='ocrx_word' id='word_1_174' title='bbox 285 2237 458 2316; x_wconf 73' lang='grc' dir='ltr'><strong><em>Ἀφροδίτης,</em></strong></span> <span class='ocrx_word' id='word_1_175' title='bbox 475 2238 508 2297; x_wconf 88' lang='grc' dir='ltr'><strong><em>ἐν</em></strong></span> <span class='ocrx_word' id='word_1_176' title='bbox 524 2231 559 2297; x_wconf 82' lang='grc' dir='ltr'><strong><em>ῶι</em></strong></span> <span class='ocrx_word' id='word_1_177' title='bbox 570 2237 682 2315; x_wconf 78' lang='grc' dir='ltr'><strong><em>μεγαλα</em></strong></span> <span class='ocrx_word' id='word_1_178' title='bbox 701 2242 796 2300; x_wconf 78' lang='grc' dir='ltr'><strong><em>αἰδοῖα</em></strong></span> <span class='ocrx_word' id='word_1_179' title='bbox 814 2234 953 2300; x_wconf 77' lang='grc' dir='ltr'><strong><em>ἀνέκειτο.</em></strong></span> <span class='ocrx_word' id='word_1_180' title='bbox 980 2240 1064 2296; x_wconf 90' lang='lat' dir='ltr'>schol.</span> <span class='ocrx_word' id='word_1_181' title='bbox 1075 2241 1187 2295; x_wconf 90' lang='lat' dir='ltr'>Lucian.</span> <span class='ocrx_word' id='word_1_182' title='bbox 1199 2241 1240 2296; x_wconf 89' lang='lat' dir='ltr'><strong><em>IV</em></strong></span> <span class='ocrx_word' id='word_1_183' title='bbox 1252 2241 1367 2296; x_wconf 79' lang='lat' dir='ltr'>2191ac.</span> <span class='ocrx_word' id='word_1_184' title='bbox 1386 2235 1462 2314; x_wconf 86' lang='grc' dir='ltr'><strong><em>παρ’</em></strong></span> 
     </span>
     <span class='ocr_line' id='line_1_22' title="bbox 206 2320 1463 2401; baseline -0.002 -17"><span class='ocrx_word' id='word_1_185' title='bbox 206 2320 380 2400; x_wconf 81' lang='grc' dir='ltr'><strong><em>Ἐπιχάρμωι</em></strong></span> <span class='ocrx_word' id='word_1_186' title='bbox 401 2325 456 2396; x_wconf 80' lang='grc' dir='ltr'><strong><em>μέν</em></strong></span> <span class='ocrx_word' id='word_1_187' title='bbox 479 2322 536 2399; x_wconf 82' lang='grc' dir='ltr'><strong><em>γὰρ</em></strong></span> <span class='ocrx_word' id='word_1_188' title='bbox 554 2326 655 2401; x_wconf 85' lang='grc' dir='ltr'><strong><em>γέρραι</em></strong></span> <span class='ocrx_word' id='word_1_189' title='bbox 677 2330 758 2394; x_wconf 79' lang='grc' dir='ltr'><strong><em>ναξία</em></strong></span> <span class='ocrx_word' id='word_1_190' title='bbox 781 2330 830 2385; x_wconf 78' lang='grc' dir='ltr'><strong><em>καὶ</em></strong></span> <span class='ocrx_word' id='word_1_191' title='bbox 847 2323 956 2401; x_wconf 77' lang='grc' dir='ltr'><strong><em>εἴρηται</em></strong></span> <span class='ocrx_word' id='word_1_192' title='bbox 979 2324 1026 2383; x_wconf 80' lang='grc' dir='ltr'><strong><em>ἐπὶ</em></strong></span> <span class='ocrx_word' id='word_1_193' title='bbox 1043 2330 1103 2382; x_wconf 90' lang='grc' dir='ltr'><strong><em>τῶν</em></strong></span> <span class='ocrx_word' id='word_1_194' title='bbox 1121 2327 1246 2394; x_wconf 81' lang='grc' dir='ltr'><strong><em>αἰδοίαν,</em></strong></span> <span class='ocrx_word' id='word_1_195' title='bbox 1263 2326 1312 2382; x_wconf 90' lang='lat' dir='ltr'><strong><em>ubi</em></strong></span> <span class='ocrx_word' id='word_1_196' title='bbox 1330 2327 1463 2397; x_wconf 86' lang='lat' dir='ltr'>scriptum</span> 
     </span>
     <span class='ocr_line' id='line_1_23' title="bbox 202 2410 1462 2486; baseline 0 -20"><span class='ocrx_word' id='word_1_197' title='bbox 202 2412 289 2467; x_wconf 81' lang='lat' dir='ltr'>fuisse</span> <span class='ocrx_word' id='word_1_198' title='bbox 306 2410 417 2466; x_wconf 85' lang='lat' dir='ltr'>videtur</span> <span class='ocrx_word' id='word_1_199' title='bbox 433 2412 535 2486; x_wconf 81' lang='grc' dir='ltr'><strong><em>γέρραι</em></strong></span> <span class='ocrx_word' id='word_1_200' title='bbox 552 2416 707 2479; x_wconf 82' lang='grc' dir='ltr'><strong><em>Ναξιακαί,</em></strong></span> <span class='ocrx_word' id='word_1_201' title='bbox 728 2430 757 2467; x_wconf 88' lang='lat' dir='ltr'><strong><em>v.</em></strong></span> <span class='ocrx_word' id='word_1_202' title='bbox 775 2413 881 2469; x_wconf 86' lang='lat' dir='ltr'>Nonius</span> <span class='ocrx_word' id='word_1_203' title='bbox 897 2429 925 2482; x_wconf 92' lang='lat' dir='ltr'><strong><em>p.</em></strong></span> <span class='ocrx_word' id='word_1_204' title='bbox 940 2415 997 2477; x_wconf 83' lang='lat'>118,</span> <span class='ocrx_word' id='word_1_205' title='bbox 1009 2416 1041 2465; x_wconf 94' lang='grc'><strong><em>22</em></strong></span> <span class='ocrx_word' id='word_1_206' title='bbox 1058 2412 1137 2467; x_wconf 81' lang='lat' dir='ltr'>hiero.</span> <span class='ocrx_word' id='word_1_207' title='bbox 1153 2427 1284 2482; x_wconf 81' lang='grc' dir='ltr'><strong><em>ραννοα,</em></strong></span> <span class='ocrx_word' id='word_1_208' title='bbox 1303 2429 1399 2482; x_wconf 71' lang='lat' dir='ltr'>copae,</span> <span class='ocrx_word' id='word_1_209' title='bbox 1418 2412 1462 2466; x_wconf 73' lang='lat' dir='ltr'><strong><em>icc</em></strong></span> 
     </span>
     <span class='ocr_line' id='line_1_24' title="bbox 203 2496 1462 2567; baseline 0.001 -15"><span class='ocrx_word' id='word_1_210' title='bbox 203 2496 299 2567; x_wconf 75' lang='lat' dir='ltr'>optior.</span> <span class='ocrx_word' id='word_1_211' title='bbox 322 2499 349 2550; x_wconf 83' lang='lat' dir='ltr'><strong><em>et</em></strong></span> <span class='ocrx_word' id='word_1_212' title='bbox 358 2500 424 2551; x_wconf 81' lang='lat' dir='ltr'>scot</span> <span class='ocrx_word' id='word_1_213' title='bbox 431 2514 526 2567; x_wconf 80' lang='grc' dir='ltr'><strong><em>ραννοι</em></strong></span> <span class='ocrx_word' id='word_1_214' title='bbox 537 2496 640 2566; x_wconf 68' lang='lat' dir='ltr'>saarim</span> <span class='ocrx_word' id='word_1_215' title='bbox 651 2497 699 2567; x_wconf 77' lang='lat' dir='ltr'><strong><em>qui</em></strong></span> <span class='ocrx_word' id='word_1_216' title='bbox 709 2498 748 2553; x_wconf 79' lang='lat' dir='ltr'><strong><em>sic</em></strong></span> <span class='ocrx_word' id='word_1_217' title='bbox 759 2499 790 2552; x_wconf 77' lang='lat' dir='ltr'><strong><em>ic</em></strong></span> <span class='ocrx_word' id='word_1_218' title='bbox 799 2497 881 2553; x_wconf 80' lang='lat' dir='ltr'>Nccco</span> <span class='ocrx_word' id='word_1_219' title='bbox 893 2498 986 2553; x_wconf 79' lang='lat' dir='ltr'>iaculo</span> <span class='ocrx_word' id='word_1_220' title='bbox 1000 2496 1109 2553; x_wconf 73' lang='lat' dir='ltr'>Veneria</span> <span class='ocrx_word' id='word_1_221' title='bbox 1121 2496 1155 2551; x_wconf 85' lang='lat' dir='ltr'><strong><em>ab</em></strong></span> <span class='ocrx_word' id='word_1_222' title='bbox 1167 2496 1264 2551; x_wconf 76' lang='lat' dir='ltr'>incolis</span> <span class='ocrx_word' id='word_1_223' title='bbox 1275 2497 1462 2567; x_wconf 72' lang='lat' dir='ltr'>appellaretur.</span> 
     </span>
    </p>
   </div>
   <div class='ocr_carea' id='block_1_9' title="bbox 288 2632 1464 2701">
    <p class='ocr_par' dir='ltr' id='par_1_9' title="bbox 288 2632 1464 2701">
     <span class='ocr_line' id='line_1_25' title="bbox 288 2632 1464 2701; baseline 0.005 -15"><span class='ocrx_word' id='word_1_224' title='bbox 288 2635 359 2686; x_wconf 83' lang='grc'>*233</span> <span class='ocrx_word' id='word_1_225' title='bbox 389 2632 458 2687; x_wconf 88' lang='lat' dir='ltr'>Ath.</span> <span class='ocrx_word' id='word_1_226' title='bbox 470 2634 512 2687; x_wconf 84' lang='lat'><strong><em>111</em></strong></span> <span class='ocrx_word' id='word_1_227' title='bbox 526 2637 583 2688; x_wconf 81' lang='grc'><strong>111.</strong></span> <span class='ocrx_word' id='word_1_228' title='bbox 609 2634 692 2690; x_wconf 84' lang='lat' dir='ltr'>Prov.</span> <span class='ocrx_word' id='word_1_229' title='bbox 703 2635 832 2690; x_wconf 88' lang='lat' dir='ltr'>Laurent.</span> <span class='ocrx_word' id='word_1_230' title='bbox 844 2635 905 2691; x_wconf 66' lang='lat' dir='ltr'>cod„</span> <span class='ocrx_word' id='word_1_231' title='bbox 919 2638 951 2689; x_wconf 82' lang='lat'><strong><em>80</em></strong></span> <span class='ocrx_word' id='word_1_232' title='bbox 969 2634 1093 2701; x_wconf 77' lang='lat' dir='ltr'>(Orosius</span> <span class='ocrx_word' id='word_1_233' title='bbox 1109 2633 1209 2689; x_wconf 90' lang='lat' dir='ltr'>Philol.</span> <span class='ocrx_word' id='word_1_234' title='bbox 1225 2633 1244 2688; x_wconf 91' lang='lat' dir='ltr'><strong><em>l.</em></strong></span> <span class='ocrx_word' id='word_1_235' title='bbox 1256 2651 1278 2689; x_wconf 90' lang='lat' dir='ltr'><strong><em>s.</em></strong></span> <span class='ocrx_word' id='word_1_236' title='bbox 1295 2638 1354 2700; x_wconf 82' lang='lat'><strong>283)</strong></span> <span class='ocrx_word' id='word_1_237' title='bbox 1372 2633 1448 2692; x_wconf 72' lang='grc' dir='ltr'><strong><em>εἰμι’</em></strong></span> <span class='ocrx_word' id='word_1_238' title='bbox 1453 2659 1464 2692; x_wconf 92' lang='grc' dir='ltr'><strong><em>ι</em></strong></span> 
     </span>
    </p>
   </div>
   <div class='ocr_carea' id='block_1_10' title="bbox 204 2712 1462 2880">
    <p class='ocr_par' dir='ltr' id='par_1_10' title="bbox 204 2712 1462 2880">
     <span class='ocr_line' id='line_1_26' title="bbox 204 2712 1462 2793; baseline 0.001 -18"><span class='ocrx_word' id='word_1_239' title='bbox 204 2723 265 2775; x_wconf 88' lang='grc' dir='ltr'><strong><em>τῶι</em></strong></span> <span class='ocrx_word' id='word_1_240' title='bbox 285 2712 452 2791; x_wconf 82' lang='grc' dir='ltr'><strong><em>Ἡρακλεῖ,</em></strong></span> <span class='ocrx_word' id='word_1_241' title='bbox 488 2716 534 2776; x_wconf 80' lang='grc' dir='ltr'><strong><em>ἐπὶ</em></strong></span> <span class='ocrx_word' id='word_1_242' title='bbox 552 2723 612 2776; x_wconf 91' lang='grc' dir='ltr'><strong><em>τῶν</em></strong></span> <span class='ocrx_word' id='word_1_243' title='bbox 629 2713 872 2791; x_wconf 76' lang='grc' dir='ltr'><strong><em>οἷονκοφαντὴτιος</em></strong></span> <span class='ocrx_word' id='word_1_244' title='bbox 894 2715 929 2776; x_wconf 84' lang='grc' dir='ltr'><strong><em>τὰ</em></strong></span> <span class='ocrx_word' id='word_1_245' title='bbox 949 2715 1105 2793; x_wconf 81' lang='grc' dir='ltr'><strong><em>πράγματα</em></strong></span> <span class='ocrx_word' id='word_1_246' title='bbox 1126 2715 1342 2789; x_wconf 77' lang='grc' dir='ltr'><strong><em>ἐπιτελούντων,</em></strong></span> <span class='ocrx_word' id='word_1_247' title='bbox 1365 2716 1462 2792; x_wconf 79' lang='grc' dir='ltr'><strong><em>ἐπειδὴ</em></strong></span> 
     </span>
     <span class='ocr_line' id='line_1_27' title="bbox 205 2793 1080 2880; baseline -0.003 -19"><span class='ocrx_word' id='word_1_248' title='bbox 205 2797 221 2861; x_wconf 80' lang='grc' dir='ltr'><em>ὃ</em></span> <span class='ocrx_word' id='word_1_249' title='bbox 236 2798 374 2875; x_wconf 80' lang='grc' dir='ltr'><strong><em>Ἡρακλῆς</em></strong></span> <span class='ocrx_word' id='word_1_250' title='bbox 391 2793 442 2874; x_wconf 76' lang='grc' dir='ltr'><strong><em>ἦγε</em></strong></span> <span class='ocrx_word' id='word_1_251' title='bbox 459 2807 508 2859; x_wconf 81' lang='grc' dir='ltr'><strong><em>καὶ</em></strong></span> <span class='ocrx_word' id='word_1_252' title='bbox 525 2799 611 2878; x_wconf 72' lang='grc' dir='ltr'><strong><em>ἔφερε</em></strong></span> <span class='ocrx_word' id='word_1_253' title='bbox 628 2800 664 2863; x_wconf 83' lang='grc' dir='ltr'><strong><em>τὰ</em></strong></span> <span class='ocrx_word' id='word_1_254' title='bbox 683 2799 830 2880; x_wconf 75' lang='grc' dir='ltr'><strong><em>ἄλλότρια.</em></strong></span> <span class='ocrx_word' id='word_1_255' title='bbox 865 2821 922 2860; x_wconf 90' lang='lat' dir='ltr'><strong><em>non</em></strong></span> <span class='ocrx_word' id='word_1_256' title='bbox 939 2805 1080 2874; x_wconf 82' lang='lat' dir='ltr'>intellege.</span> 
     </span>
    </p>
   </div>
   <div class='ocr_carea' id='block_1_11' title="bbox 204 2935 1463 3445">
    <p class='ocr_par' dir='ltr' id='par_1_11' title="bbox 204 2935 1463 3445">
     <span class='ocr_line' id='line_1_28' title="bbox 290 2935 1463 3013; baseline 0.004 -20"><span class='ocrx_word' id='word_1_257' title='bbox 290 2940 359 2994; x_wconf 78' lang='grc'>*231</span> <span class='ocrx_word' id='word_1_258' title='bbox 396 2939 519 2994; x_wconf 78' lang='lat' dir='ltr'>Amul</span> <span class='ocrx_word' id='word_1_259' title='bbox 538 2943 594 2995; x_wconf 86' lang='lat'><strong>118.</strong></span> <span class='ocrx_word' id='word_1_260' title='bbox 623 2940 846 2997; x_wconf 83' lang='lat' dir='ltr'>Prov.Laurent</span> <span class='ocrx_word' id='word_1_261' title='bbox 864 2941 925 2997; x_wconf 83' lang='lat' dir='ltr'>cod.</span> <span class='ocrx_word' id='word_1_262' title='bbox 938 2944 970 2995; x_wconf 81' lang='lat'><strong><em>80</em></strong></span> <span class='ocrx_word' id='word_1_263' title='bbox 988 2940 1111 3008; x_wconf 81' lang='lat' dir='ltr'>(Grnsius</span> <span class='ocrx_word' id='word_1_264' title='bbox 1128 2939 1226 2996; x_wconf 86' lang='lat' dir='ltr'>Philol.</span> <span class='ocrx_word' id='word_1_265' title='bbox 1245 2941 1262 2995; x_wconf 93' lang='lat' dir='ltr'><strong><em>l.</em></strong></span> <span class='ocrx_word' id='word_1_266' title='bbox 1275 2957 1296 2996; x_wconf 92' lang='lat' dir='ltr'><strong><em>s.</em></strong></span> <span class='ocrx_word' id='word_1_267' title='bbox 1315 2945 1374 3006; x_wconf 83' lang='grc'>283)</span> <span class='ocrx_word' id='word_1_268' title='bbox 1397 2935 1463 3013; x_wconf 82' lang='grc' dir='ltr'><strong><em>οὐχ</em></strong></span> 
     </span>
     <span class='ocr_line' id='line_1_29' title="bbox 205 3020 1463 3099; baseline 0.001 -17"><span class='ocrx_word' id='word_1_269' title='bbox 205 3024 422 3090; x_wconf 72' lang='grc' dir='ltr'><strong><em>ἱππονεκτας</em></strong></span> <span class='ocrx_word' id='word_1_270' title='bbox 444 3020 618 3095; x_wconf 82' lang='grc' dir='ltr'><strong><em>περισσᾰς</em></strong></span> <span class='ocrx_word' id='word_1_271' title='bbox 640 3029 786 3094; x_wconf 80' lang='grc' dir='ltr'><strong><em>πλῶμες.</em></strong></span> <span class='ocrx_word' id='word_1_272' title='bbox 821 3024 869 3084; x_wconf 77' lang='grc' dir='ltr'><strong><em>ἐπὶ</em></strong></span> <span class='ocrx_word' id='word_1_273' title='bbox 890 3030 950 3083; x_wconf 91' lang='grc' dir='ltr'><strong><em>τῶν</em></strong></span> <span class='ocrx_word' id='word_1_274' title='bbox 966 3025 1078 3099; x_wconf 65' lang='grc' dir='ltr'><strong><em>Ιιέραχέα</em></strong></span> <span class='ocrx_word' id='word_1_275' title='bbox 1100 3027 1289 3097; x_wconf 81' lang='grc' dir='ltr'><strong><em>κεκτημένον.</em></strong></span> <span class='ocrx_word' id='word_1_276' title='bbox 1324 3027 1463 3096; x_wconf 86' lang='lat' dir='ltr'>duopro·</span> 
     </span>
     <span class='ocr_line' id='line_1_30' title="bbox 204 3104 1462 3185; baseline 0.004 -20"><span class='ocrx_word' id='word_1_277' title='bbox 204 3110 302 3166; x_wconf 77' lang='lat' dir='ltr'>verbis</span> <span class='ocrx_word' id='word_1_278' title='bbox 328 3109 455 3165; x_wconf 81' lang='lat' dir='ltr'>distinxit</span> <span class='ocrx_word' id='word_1_279' title='bbox 477 3109 589 3166; x_wconf 82' lang='lat' dir='ltr'>Cmsius</span> <span class='ocrx_word' id='word_1_280' title='bbox 616 3104 668 3184; x_wconf 78' lang='grc' dir='ltr'><strong><em>οὐχ</em></strong></span> <span class='ocrx_word' id='word_1_281' title='bbox 688 3107 780 3169; x_wconf 70' lang='grc' dir='ltr'><strong><em>ἵππον</em></strong></span> <span class='ocrx_word' id='word_1_282' title='bbox 804 3107 922 3170; x_wconf 76' lang='grc' dir='ltr'><strong><em>ἐκτασαι</em></strong></span> <span class='ocrx_word' id='word_1_283' title='bbox 939 3115 970 3178; x_wconf 84' lang='lat' dir='ltr'><strong><em>(s.</em></strong></span> <span class='ocrx_word' id='word_1_284' title='bbox 988 3107 1107 3181; x_wconf 80' lang='grc' dir='ltr'><strong><em>ἐκτάσα)</em></strong></span> <span class='ocrx_word' id='word_1_285' title='bbox 1133 3119 1162 3168; x_wconf 88' lang='lat' dir='ltr'><strong><em>et</em></strong></span> <span class='ocrx_word' id='word_1_286' title='bbox 1187 3107 1310 3185; x_wconf 83' lang='grc' dir='ltr'><strong><em>περισσὰ</em></strong></span> <span class='ocrx_word' id='word_1_287' title='bbox 1337 3116 1462 3182; x_wconf 84' lang='grc' dir='ltr'><strong><em>πλῶμες,</em></strong></span> 
     </span>
     <span class='ocr_line' id='line_1_31' title="bbox 205 3195 1463 3268; baseline 0.001 -16"><span class='ocrx_word' id='word_1_288' title='bbox 205 3197 281 3266; x_wconf 90' lang='lat' dir='ltr'>qnod</span> <span class='ocrx_word' id='word_1_289' title='bbox 302 3195 484 3267; x_wconf 68' lang='lat' dir='ltr'>inprobabis,</span> <span class='ocrx_word' id='word_1_290' title='bbox 510 3196 533 3250; x_wconf 89' lang='lat' dir='ltr'><strong><em>si</em></strong></span> <span class='ocrx_word' id='word_1_291' title='bbox 556 3196 667 3267; x_wconf 86' lang='lat' dir='ltr'>quidem</span> <span class='ocrx_word' id='word_1_292' title='bbox 690 3197 835 3267; x_wconf 81' lang='lat' dir='ltr'>explicatio</span> <span class='ocrx_word' id='word_1_293' title='bbox 858 3197 982 3253; x_wconf 77' lang='lat' dir='ltr'>subiecta</span> <span class='ocrx_word' id='word_1_294' title='bbox 1002 3198 1038 3253; x_wconf 82' lang='lat' dir='ltr'><strong><em>ad</em></strong></span> <span class='ocrx_word' id='word_1_295' title='bbox 1059 3197 1177 3266; x_wconf 87' lang='lat' dir='ltr'>priorem</span> <span class='ocrx_word' id='word_1_296' title='bbox 1199 3199 1293 3268; x_wconf 88' lang='lat' dir='ltr'>potius</span> <span class='ocrx_word' id='word_1_297' title='bbox 1319 3213 1402 3267; x_wconf 89' lang='lat' dir='ltr'>quam</span> <span class='ocrx_word' id='word_1_298' title='bbox 1425 3198 1463 3253; x_wconf 84' lang='lat' dir='ltr'><strong><em>ad</em></strong></span> 
     </span>
     <span class='ocr_line' id='line_1_32' title="bbox 204 3276 1463 3353; baseline 0.002 -16"><span class='ocrx_word' id='word_1_299' title='bbox 204 3281 315 3337; x_wconf 82' lang='lat' dir='ltr'>alteram</span> <span class='ocrx_word' id='word_1_300' title='bbox 333 3287 439 3350; x_wconf 84' lang='lat' dir='ltr'>partem</span> <span class='ocrx_word' id='word_1_301' title='bbox 456 3280 583 3350; x_wconf 83' lang='lat' dir='ltr'>pertinet</span> <span class='ocrx_word' id='word_1_302' title='bbox 610 3299 719 3338; x_wconf 90' lang='lat' dir='ltr'>versum</span> <span class='ocrx_word' id='word_1_303' title='bbox 736 3282 817 3338; x_wconf 82' lang='lat' dir='ltr'>facile</span> <span class='ocrx_word' id='word_1_304' title='bbox 834 3281 873 3338; x_wconf 87' lang='lat' dir='ltr'><strong><em>sic</em></strong></span> <span class='ocrx_word' id='word_1_305' title='bbox 890 3282 1018 3338; x_wconf 71' lang='lat' dir='ltr'>restitum</span> <span class='ocrx_word' id='word_1_306' title='bbox 1037 3277 1089 3353; x_wconf 78' lang='grc' dir='ltr'><strong><em>οὐχ</em></strong></span> <span class='ocrx_word' id='word_1_307' title='bbox 1103 3284 1158 3350; x_wconf 90' lang='lat' dir='ltr'>(vel</span> <span class='ocrx_word' id='word_1_308' title='bbox 1169 3283 1263 3353; x_wconf 90' lang='lat' dir='ltr'>potius</span> <span class='ocrx_word' id='word_1_309' title='bbox 1276 3276 1352 3350; x_wconf 78' lang='grc' dir='ltr'><strong><em>οὐδ’)</em></strong></span> <span class='ocrx_word' id='word_1_310' title='bbox 1369 3279 1463 3341; x_wconf 72' lang='grc' dir='ltr'><strong><em>ἵππον</em></strong></span> 
     </span>
     <span class='ocr_line' id='line_1_33' title="bbox 205 3361 1084 3445; baseline 0 -22"><span class='ocrx_word' id='word_1_311' title='bbox 205 3361 339 3436; x_wconf 55' lang='lat' dir='ltr'>inanem</span> <span class='ocrx_word' id='word_1_312' title='bbox 362 3368 390 3422; x_wconf 77' lang='lat' dir='ltr'><strong><em>cl</em></strong></span> <span class='ocrx_word' id='word_1_313' title='bbox 407 3361 523 3439; x_wconf 82' lang='grc' dir='ltr'><strong><em>περίσσ’</em></strong></span> <span class='ocrx_word' id='word_1_314' title='bbox 540 3362 702 3445; x_wconf 82' lang='grc' dir='ltr'><strong><em>έπλῶομες,</em></strong></span> <span class='ocrx_word' id='word_1_315' title='bbox 723 3368 774 3424; x_wconf 82' lang='lat' dir='ltr'><strong><em>sed</em></strong></span> <span class='ocrx_word' id='word_1_316' title='bbox 790 3368 872 3438; x_wconf 91' lang='lat' dir='ltr'>plane</span> <span class='ocrx_word' id='word_1_317' title='bbox 888 3367 957 3423; x_wconf 87' lang='lat' dir='ltr'>haec</span> <span class='ocrx_word' id='word_1_318' title='bbox 973 3368 1084 3423; x_wconf 83' lang='lat' dir='ltr'>incerta</span> 
     </span>
    </p>
   </div>
   <div class='ocr_carea' id='block_1_12' title="bbox 788 3526 871 3587">
    <p class='ocr_par' dir='ltr' id='par_1_12' title="bbox 788 3526 871 3587">
     <span class='ocr_line' id='line_1_34' title="bbox 788 3526 871 3587; baseline 0.024 -2"><span class='ocrx_word' id='word_1_319' title='bbox 788 3526 871 3587; x_wconf 88' lang='grc'>*238</span> 
     </span>
    </p>
   </div>
   <div class='ocr_carea' id='block_1_13' title="bbox 408 3639 1039 3726">
    <p class='ocr_par' dir='ltr' id='par_1_13' title="bbox 408 3639 1039 3726">
     <span class='ocr_line' id='line_1_35' title="bbox 408 3639 1039 3726; baseline 0.008 -20"><span class='ocrx_word' id='word_1_320' title='bbox 408 3639 427 3706; x_wconf 79' lang='grc' dir='ltr'><strong><em>ἃ</em></strong></span> <span class='ocrx_word' id='word_1_321' title='bbox 450 3648 622 3723; x_wconf 71' lang='grc' dir='ltr'><strong><em>Κορινθία,</em></strong></span> <span class='ocrx_word' id='word_1_322' title='bbox 649 3643 756 3719; x_wconf 76' lang='grc' dir='ltr'><strong><em>ἔοικας</em></strong></span> <span class='ocrx_word' id='word_1_323' title='bbox 774 3640 1039 3726; x_wconf 79' lang='grc' dir='ltr'><strong><em>χοιροπωλήσειν.</em></strong></span> 
     </span>
    </p>
   </div>
   <div class='ocr_carea' id='block_1_14' title="bbox 204 3751 1461 3922">
    <p class='ocr_par' dir='ltr' id='par_1_14' title="bbox 204 3751 1461 3922">
     <span class='ocr_line' id='line_1_36' title="bbox 292 3751 1460 3831; baseline 0.005 -22"><span class='ocrx_word' id='word_1_324' title='bbox 292 3756 393 3811; x_wconf 91' lang='lat' dir='ltr'>Zenob.</span> <span class='ocrx_word' id='word_1_325' title='bbox 412 3756 481 3810; x_wconf 87' lang='lat' dir='ltr'>Ath.</span> <span class='ocrx_word' id='word_1_326' title='bbox 498 3757 541 3812; x_wconf 86' lang='lat'><strong><em>111</em></strong></span> <span class='ocrx_word' id='word_1_327' title='bbox 560 3763 608 3813; x_wconf 87' lang='grc'><strong><em>139</em></strong></span> <span class='ocrx_word' id='word_1_328' title='bbox 631 3751 660 3824; x_wconf 76' lang='grc' dir='ltr'><strong><em>(ἃ</em></strong></span> <span class='ocrx_word' id='word_1_329' title='bbox 681 3760 824 3831; x_wconf 75' lang='grc' dir='ltr'><strong><em>Κορινθία</em></strong></span> <span class='ocrx_word' id='word_1_330' title='bbox 842 3754 938 3824; x_wconf 73' lang='grc' dir='ltr'><strong><em>ἔοικας</em></strong></span> <span class='ocrx_word' id='word_1_331' title='bbox 960 3759 1060 3815; x_wconf 87' lang='lat' dir='ltr'>lemma</span> <span class='ocrx_word' id='word_1_332' title='bbox 1073 3756 1166 3816; x_wconf 86' lang='lat' dir='ltr'>&#39;solum</span> <span class='ocrx_word' id='word_1_333' title='bbox 1183 3765 1341 3828; x_wconf 85' lang='lat' dir='ltr'>servatum).</span> <span class='ocrx_word' id='word_1_334' title='bbox 1376 3761 1460 3816; x_wconf 77' lang='lat' dir='ltr'>Ptov.</span> 
     </span>
     <span class='ocr_line' id='line_1_37' title="bbox 204 3835 1461 3922; baseline 0.006 -28"><span class='ocrx_word' id='word_1_335' title='bbox 204 3840 476 3905; x_wconf 80' lang='lat' dir='ltr'>Lanr.[Plut]192</span> <span class='ocrx_word' id='word_1_336' title='bbox 504 3835 716 3917; x_wconf 75' lang='grc' dir='ltr'><strong><em>οἷκροκορινθία</em></strong></span> <span class='ocrx_word' id='word_1_337' title='bbox 740 3839 762 3901; x_wconf 81' lang='grc' dir='ltr'><strong><em>ἐ,</em></strong></span> <span class='ocrx_word' id='word_1_338' title='bbox 783 3864 811 3915; x_wconf 87' lang='grc' dir='ltr'><strong><em>χ.</em></strong></span> <span class='ocrx_word' id='word_1_339' title='bbox 833 3841 882 3901; x_wconf 78' lang='grc' dir='ltr'><strong><em>ἐπὶ</em></strong></span> <span class='ocrx_word' id='word_1_340' title='bbox 903 3847 963 3901; x_wconf 91' lang='grc' dir='ltr'><strong><em>τῶν</em></strong></span> <span class='ocrx_word' id='word_1_341' title='bbox 984 3839 1057 3919; x_wconf 87' lang='grc' dir='ltr'><strong><em>παρ’</em></strong></span> <span class='ocrx_word' id='word_1_342' title='bbox 1080 3835 1161 3920; x_wconf 74' lang='grc' dir='ltr'><strong><em>ῶραν</em></strong></span> <span class='ocrx_word' id='word_1_343' title='bbox 1183 3847 1393 3922; x_wconf 79' lang='grc' dir='ltr'><strong><em>θρυπτομένων</em></strong></span> <span class='ocrx_word' id='word_1_344' title='bbox 1415 3866 1461 3918; x_wconf 86' lang='grc' dir='ltr'><strong><em>γυ-</em></strong></span> 
     </span>
    </p>
   </div>
   <div class='ocr_carea' id='block_1_15' title="bbox 202 3921 1461 4153">
    <p class='ocr_par' dir='ltr' id='par_1_15' title="bbox 202 3921 1461 4153">
     <span class='ocr_line' id='line_1_38' title="bbox 206 3921 1461 4004; baseline 0.006 -24"><span class='ocrx_word' id='word_1_345' title='bbox 206 3929 321 3991; x_wconf 75' lang='grc' dir='ltr'><strong><em>ναικῶν,</em></strong></span> <span class='ocrx_word' id='word_1_346' title='bbox 348 3932 413 3983; x_wconf 75' lang='grc' dir='ltr'><strong><em>οἱον</em></strong></span> <span class='ocrx_word' id='word_1_347' title='bbox 435 3921 532 3994; x_wconf 78' lang='grc' dir='ltr'><strong><em>ἐοικας</em></strong></span> <span class='ocrx_word' id='word_1_348' title='bbox 553 3926 760 4003; x_wconf 76' lang='grc' dir='ltr'><strong><em>μισθαρνήσειν</em></strong></span> <span class='ocrx_word' id='word_1_349' title='bbox 780 3926 813 3985; x_wconf 92' lang='grc' dir='ltr'><strong><em>ἐν</em></strong></span> <span class='ocrx_word' id='word_1_350' title='bbox 837 3931 996 4003; x_wconf 70' lang='grc' dir='ltr'><strong><em>Κορίνθιοι·</em></strong></span> <span class='ocrx_word' id='word_1_351' title='bbox 1026 3926 1061 3988; x_wconf 88' lang='grc' dir='ltr'><strong><em>τὸ</em></strong></span> <span class='ocrx_word' id='word_1_352' title='bbox 1085 3927 1141 4004; x_wconf 85' lang='grc' dir='ltr'><strong><em>γὰρ</em></strong></span> <span class='ocrx_word' id='word_1_353' title='bbox 1167 3941 1329 4004; x_wconf 82' lang='grc' dir='ltr'><strong><em>γυναικεῖον</em></strong></span> <span class='ocrx_word' id='word_1_354' title='bbox 1355 3927 1461 4001; x_wconf 90' lang='grc' dir='ltr'><strong><em>μόριον</em></strong></span> 
     </span>
     <span class='ocr_line' id='line_1_39' title="bbox 202 4012 1461 4153; baseline 0.003 -86"><span class='ocrx_word' id='word_1_355' title='bbox 202 4012 462 4153; x_wconf 43' lang='grc' dir='ltr'><strong><em>ἒῶιὲἕξθέἐγὶξὲαᾶά</em></strong></span> <span class='ocrx_word' id='word_1_356' title='bbox 477 4013 633 4083; x_wconf 81' lang='lat' dir='ltr'>Epicharmi</span> <span class='ocrx_word' id='word_1_357' title='bbox 650 4014 760 4070; x_wconf 86' lang='lat' dir='ltr'>videtur</span> <span class='ocrx_word' id='word_1_358' title='bbox 777 4031 881 4080; x_wconf 88' lang='lat' dir='ltr'>versus,</span> <span class='ocrx_word' id='word_1_359' title='bbox 903 4021 967 4084; x_wconf 87' lang='lat' dir='ltr'>apte</span> <span class='ocrx_word' id='word_1_360' title='bbox 985 4015 1170 4087; x_wconf 79' lang='lat' dir='ltr'>Syracusanus</span> <span class='ocrx_word' id='word_1_361' title='bbox 1187 4017 1271 4073; x_wconf 92' lang='lat' dir='ltr'>homo</span> <span class='ocrx_word' id='word_1_362' title='bbox 1291 4016 1461 4073; x_wconf 82' lang='lat' dir='ltr'>Corinthiam</span> 
     </span>
    </p>
   </div>
   <div class='ocr_carea' id='block_1_16' title="bbox 629 4223 1036 4302">
    <p class='ocr_par' dir='ltr' id='par_1_16' title="bbox 629 4223 1036 4302">
     <span class='ocr_line' id='line_1_40' title="bbox 629 4223 1036 4302; baseline 0.005 -19"><span class='ocrx_word' id='word_1_363' title='bbox 629 4225 691 4285; x_wconf 85' lang='lat'><strong><em>239</em></strong></span> <span class='ocrx_word' id='word_1_364' title='bbox 714 4223 879 4300; x_wconf 66' lang='grc'>(163111.</span> <span class='ocrx_word' id='word_1_365' title='bbox 907 4227 946 4286; x_wconf 86' lang='lat' dir='ltr'><strong><em>ee</em></strong></span> <span class='ocrx_word' id='word_1_366' title='bbox 962 4223 1036 4302; x_wconf 76' lang='lat' dir='ltr'>nor)</span> 
     </span>
    </p>
   </div>
   <div class='ocr_carea' id='block_1_17' title="bbox 289 4339 1460 4530">
    <p class='ocr_par' dir='ltr' id='par_1_17' title="bbox 289 4339 1460 4530">
     <span class='ocr_line' id='line_1_41' title="bbox 645 4339 1018 4423; baseline 0.003 -18"><span class='ocrx_word' id='word_1_367' title='bbox 645 4339 779 4418; x_wconf 80' lang='grc' dir='ltr'><strong><em>Σικελὸς</em></strong></span> <span class='ocrx_word' id='word_1_368' title='bbox 802 4341 1018 4423; x_wconf 77' lang='grc' dir='ltr'><strong><em>ἐμφανίζεται.</em></strong></span> 
     </span>
     <span class='ocr_line' id='line_1_42' title="bbox 289 4452 1460 4530; baseline 0.006 -20"><span class='ocrx_word' id='word_1_369' title='bbox 289 4454 392 4510; x_wconf 90' lang='lat' dir='ltr'>Zenob.</span> <span class='ocrx_word' id='word_1_370' title='bbox 410 4454 479 4510; x_wconf 88' lang='lat' dir='ltr'>Ath.</span> <span class='ocrx_word' id='word_1_371' title='bbox 497 4455 540 4510; x_wconf 85' lang='lat'><strong><em>111</em></strong></span> <span class='ocrx_word' id='word_1_372' title='bbox 559 4460 615 4511; x_wconf 88' lang='grc'><strong><em>133.</em></strong></span> <span class='ocrx_word' id='word_1_373' title='bbox 647 4456 734 4522; x_wconf 79' lang='lat' dir='ltr'>[Plut]</span> <span class='ocrx_word' id='word_1_374' title='bbox 754 4457 768 4512; x_wconf 92' lang='lat'>1</span> <span class='ocrx_word' id='word_1_375' title='bbox 786 4461 818 4512; x_wconf 86' lang='lat'><strong><em>95</em></strong></span> <span class='ocrx_word' id='word_1_376' title='bbox 839 4454 1039 4530; x_wconf 79' lang='grc' dir='ltr'><strong><em>μετενήνεκται</em></strong></span> <span class='ocrx_word' id='word_1_377' title='bbox 1056 4458 1087 4515; x_wconf 80' lang='grc' dir='ltr'><strong><em>δέ</em></strong></span> <span class='ocrx_word' id='word_1_378' title='bbox 1104 4452 1164 4517; x_wconf 76' lang='grc' dir='ltr'><strong><em>ἄπο</em></strong></span> <span class='ocrx_word' id='word_1_379' title='bbox 1183 4463 1243 4517; x_wconf 91' lang='grc' dir='ltr'><strong><em>τῶν</em></strong></span> <span class='ocrx_word' id='word_1_380' title='bbox 1260 4464 1390 4519; x_wconf 79' lang='grc' dir='ltr'><strong><em>Σικελῶν</em></strong></span> <span class='ocrx_word' id='word_1_381' title='bbox 1407 4453 1460 4526; x_wconf 79' lang='grc' dir='ltr'><strong><em>τὰς</em></strong></span> 
     </span>
    </p>
   </div>
   <div class='ocr_carea' id='block_1_18' title="bbox 0 0 1589 4800">
    <p class='ocr_par' dir='ltr' id='par_1_18' title="bbox 0 0 1589 4800">
     <span class='ocr_line' id='line_1_43' title="bbox 0 0 1589 4800; baseline 0 0"><span class='ocrx_word' id='word_1_382' title='bbox 0 0 1589 4800; x_wconf 95' lang='lat' dir='ltr'><strong><em> </em></strong></span> 
     </span>
    </p>
   </div>
  </div>
 </body>
</html>
