3164 4800
747 274 945 331 PHLYACES

574 456 783 515 ΙΦΠἘΝΕΙΔ
808 455 834 513 Α
858 456 919 514 ΕΝ
939 455 1118 515 msera

833 572 850 629 7

530 689 634 770 ἒχωοα
655 685 772 754 καινὰν
795 682 957 767 φαινόλαν
979 693 1158 770 καπαρτίον.

302 821 371 877 Poll.
384 822 438 878 VH
450 826 481 876 61
500 824 549 877 καί
568 814 655 886 αὐτὸς
673 820 702 878 δὲ
722 815 738 877 ὃ
756 815 894 892 φαινόλης
906 817 1045 892 (φελοίνης
1057 821 1137 876 0066.
1150 821 1232 876 Salm.
1245 827 1274 876 et
1285 820 1379 888 Palen)
1397 818 1477 879 ἔστιν

215 905 248 965 ἐν
261 902 415 973 Ῥίνθωνος
431 905 589 979 Ἰφιγενείαι
609 910 654 978 τῆι
671 906 704 964 ἐν
725 901 854 978 Ταύροις.
884 906 1004 977 Hesyoh.
1016 902 1154 978 φαινόλα·
1174 901 1209 963 τὸ
1228 896 1357 978 ὕφασμα.
1390 902 1475 979 (Ῥίν-

169 1001 181 1034 l
217 994 296 1063 θον)
314 984 408 1060 οὕτως
421 987 539 1064 “ί’χοοοα
557 985 661 1050 καινὰν
677 983 841 1063 φαινόλαν’.

302 1073 376 1149 ἔχεις
394 1083 424 1144 (s.
443 1073 528 1149 ἔχοις)
546 1071 670 1134 ἄκαιναν
687 1072 819 1147 φελοίνην
835 1076 915 1132 0066.
928 1077 1010 1133 Salm.
1022 1085 1052 1132 et
1065 1075 1157 1131 Falok.
1187 1076 1223 1131 de
1240 1076 1374 1133 feminino
1391 1094 1476 1134 voea-

166 1207 181 1242 η
214 1163 273 1219 buli
296 1163 421 1235 φαινόλα
445 1180 545 1233 genere
568 1169 688 1228 conatae
714 1162 799 1217 latine
820 1168 863 1217 est
880 1161 1011 1231 μοοααία.
1046 1168 1196 1217 extremum
1219 1178 1281 1218 voe
1303 1170 1475 1232 corruptum

214 1250 264 1303 vix
286 1256 393 1318 spectat
413 1249 467 1303 huo
488 1247 607 1319 Hesyeh.
624 1243 774 1303 καπποίτια
793 1248 895 1316 (paullo
918 1254 982 1304 ante
1004 1243 1167 1318 καπήλτιαλ·
1195 1256 1342 1319 γυναικεῖα
1365 1241 1475 1314 λμοίτια,

215 1350 266 1389 nee
277 1335 368 1389 minus
380 1335 498 1390 alienum
511 1341 554 1389 est
571 1333 647 1404 quod
664 1332 738 1388 idem
755 1332 840 1388 habet
851 1327 1014 1391 α’παοσείον
1025 1338 1167 1403 (supersor.
1180 1338 1249 1399 ται)“
1268 1330 1474 1401 παμποίκιλον.

216 1417 244 1475 οἳ
262 1419 291 1476 δὲ
309 1423 406 1476 λινοῦν
422 1425 544 1491 χιτῶνα,
562 1417 591 1476 οἳ
608 1419 638 1476 δὲ
654 1419 816 1487 μαλλωτόν,
832 1418 882 1474 ubi
901 1418 966 1473 olim
984 1420 1126 1484 κυπαοσίς
1138 1419 1184 1474 vel
1195 1409 1357 1478 κοαᾶοοιον
1373 1417 1476 1473 lemma

214 1503 326 1559 videtur
336 1503 429 1565 fuisse,
442 1523 469 1559 v.
480 1504 597 1576 Hesyeh.
608 1522 629 1559 s.
638 1522 666 1558 v.
676 1503 800 1559 Rhintho
812 1503 880 1573 quid
889 1504 1027 1573 scripserit
1037 1521 1094 1559 non
1104 1505 1171 1560 satis
1180 1511 1292 1570 eertum,
1303 1504 1409 1560 eonieei
1418 1498 1476 1561 κὰτ

215 1591 344 1658 ταρσίων
360 1590 379 1644 1.
392 1607 415 1645 e.
433 1590 579 1658 paenulam
596 1589 716 1644 talarem.
751 1584 944 1662 καταρβιίλοις
959 1591 1091 1661 χλαίναις
1111 1590 1182 1645 dixit
1200 1588 1350 1659 Sophocles
1366 1587 1400 1643 fr.
1415 1593 1474 1643 565.

623 1763 793 1828 nomon
812 1771 1064 1831 ΜΕΛΕΑΓΡΟΣ

300 1884 348 1934 aut
369 1878 536 1950 Μελέαγρος
554 1880 656 1943 δοῦλος
672 1877 768 1933 titulus
785 1877 840 1933 fuit
860 1886 909 1933 aut
926 1878 1001 1947 quod
1018 1878 1190 1948 probabilius
1209 1878 1473 1951 Δονλομελὲαγρος,

214 1971 245 2018 ut
262 1963 379 2018 eonieoit
395 1962 565 2033 Bernhardy.
599 1961 687 2017 simile
704 1961 861 2017 Duloreste.

830 2123 848 2182 8

299 2236 448 2292 Herodian.
466 2234 530 2289 diet.
549 2233 620 2290 solit.
638 2251 665 2303 p.
686 2239 726 2300 19,
744 2239 775 2289 27
801 2235 846 2300 (de
871 2227 951 2300 ὀλίος
973 2233 1074 2301 forma,
1101 2251 1129 2289 v.
1147 2235 1184 2290 ad
1200 2235 1234 2290 fr.
1246 2240 1273 2301 2)
1295 2231 1419 2294 Ῥίνθων
1441 2235 1475 2295 ἐν

214 2316 326 2379 noller
345 2315 517 2393 Μελεάγρωι

537 2406 674 2473 ὀλίοιοιν
697 2405 790 2485 ὑμῶν
813 2406 975 2487 ἐμπίφυκ’
998 2407 1141 2488 εὐψυχία.

215 2544 249 2582 ex
267 2527 425 2582 Herodiano
443 2526 486 2580 Et.
505 2541 566 2594 gen.
585 2524 638 2590 (Et.
657 2523 692 2577 Μ.
711 2527 769 2589 621,
783 2526 825 2588 52)
845 2516 932 2590 ὀλίος.

298 2614 433 2669 λιοίοιοιν
450 2610 553 2665 Herod.
571 2608 651 2665 eodd.
730 2601 844 2680 εὐτυχία
862 2609 907 2663 Et.

758 2783 918 2848 ΜΗΛΕΙΑ

827 2922 846 2981 9

300 3053 417 3125 Hesyeh.
435 3073 475 3110 κο
480 3050 635 3126 μάκτιορ’
654 3047 670 3124 ἢ
686 3052 757 3120 λέξις
771 3046 850 3126 παρὰ
860 3044 991 3108 Ῥίνθωνι
1004 3049 1035 3108 ἐν
1050 3054 1172 3124 Μηδείαι
1186 3001 1239 3125 (dg
1248 3053 1318 3118 eod).
1345 3054 1375 3108 in
1388 3054 1472 3112 titulo

212 3139 294 3209 primi
312 3157 335 3195 a.
350 3139 412 3194 Chr.
425 3138 524 3194 saeeuli
536 3139 693 3208 Magnesiae
710 3144 819 3207 reperto
838 3141 874 3204 (n.
886 3143 935 3193 217
950 3138 992 3193 ed.
1005 3138 1091 3203 Korn)
1109 3139 1159 3194 sio:
1179 3135 1207 3195 οί
1223 3135 1407 3212 κομάκτορες
1421 3147 1474 3199 καί

214 3224 241 3282 οἱ
258 3222 379 3299 κήρυκες
396 3227 444 3280 καί
463 3223 491 3282 oi
508 3220 637 3281 διάκονοι
655 3217 709 3279 τὸν
721 3216 826 3293 Ἑρμῆν
844 3216 995 3295 οἷνὲθηκαν.
1031 3230 1096 3279 sunt
1112 3226 1252 3280 οοοοίονοο.
1307 3222 1310 3224 ’

748 3387 938 3446 epilam

818 3502 858 3563 10

473 3616 492 3684 ὁ
516 3623 549 3682 σὲ
572 3614 730 3696 Διόνυσος
753 3616 852 3697 αὐτὸς
875 3617 978 3702 ἐξώλη
999 3627 1078 3702 θείη.

417 3717 686 3799 -Ἶπτιοίνακτος
707 3717 745 3787 τὸ
767 3724 894 3805 μέτρον.
911 3757 954 3766 -
973 3720 1069 3788 ου’ὃὲν
1089 3747 1146 3801 μοι
1166 3725 1260 3800 μέλει.

298 3855 446 3925 Hephaest.
463 3861 519 3926 pil
543 3850 663 3913 Ῥίνθων
684 3855 737 3925 μὲν
758 3854 816 3928 γὰρ
839 3859 887 3912 καὶ
909 3852 941 3912 ἐν
965 3855 1073 3928 ίοίμβωι
1095 3857 1285 3929 ἐπισημασίας
1306 3847 1411 3925 η’ξίιοσε
1433 3876 1470 3913 το

212 3945 354 3999 τοιοῦτον.
389 3939 421 3998 ἐν
438 3937 495 4013 γὰρ
511 3933 636 4014 Ὀρὲοτηι
653 3938 779 4014 δράματί
796 3960 882 4012 φησιν
894 3934 925 3998 ‘b
939 3981 946 3996 .
959 3981 966 3996 .
979 3934 1063 4014 θείη’.
1093 3936 1153 3999 εἷθ’
1168 3935 1257 3999 ιἹππ.
1271 3981 1278 3996 .
1291 3981 1298 3996 .
1310 3932 1402 4011 μὲλει’
1421 3942 1471 4008 (sie

212 4028 370 4089 inmebun
390 4026 469 4098 θείης
485 4019 529 4083 ἔθ’
542 4027 603 4082 006.
620 4026 751 4082 Ambros.
770 4026 1168 4094 StudemundAneed.1111).
1202 4027 1267 4083 inde
1286 4027 1423 4084 Choerob.
1440 4028 1472 4084 in

211 4112 349 4168 Theodos.
361 4113 390 4167 Π
407 4116 477 4177 79,6
495 4111 569 4182 Hilg.
588 4109 725 4179 πολλάκις
742 4106 924 4184 εὑρίσκονται
942 4117 991 4169 καὶ
1007 4110 1040 4170 ἐν
1056 4123 1119 4181 τοῖς
1134 4113 1252 4187 μέτροις
1269 4107 1470 4172 ἀποτελοῦντα

210 4192 310 4268 κοινὴν
327 4192 471 4270 συλλαβὴν
488 4193 522 4255 τὸ
540 4203 576 4255 ιἰῐ
593 4202 641 4255 καὶ
658 4204 699 4255 τῖτ
716 4237 745 4253 ..
764 4193 804 4264 ὡς
819 4193 900 4270 παρὰ
919 4202 971 4255 τῶι
985 4192 1114 4256 Ῥίνθωνι
1127 4191 1260 4256 (Ἱππών.
1277 4239 1306 4256 ..
1323 4200 1410 4271 μέλει.
1496 4217 1502 4233 ·

299 4305 312 4354 1
338 4300 399 4356 sive
415 4301 505 4356 mavis
523 4294 541 4357 δ’
559 4301 592 4359 οὲ
676 4306 692 4356 2
717 4295 787 4359 τίδ’
801 4291 991 4367 Ἱππόνακτος
1009 4301 1043 4359 τὰ
1062 4301 1178 4375 μέτρον,
1202 4295 1284 4360 οὐδέν
1300 4325 1330 4374 μ.
1348 4324 1377 4373 μ.
1396 4308 1468 4362 eoni.

118 4387 124 4397 ’
208 4385 445 4451 Wilamowilzius‚
469 4385 551 4442 unius
567 4403 701 4456 personae
722 4392 755 4442 ut
776 4386 869 4442 omnia
885 4388 952 4453 sint,
975 4387 1050 4458 quod
1067 4387 1135 4442 mihi
1157 4404 1214 4443 non
1231 4389 1383 4457 probabile.
1418 4394 1470 4450 sed

211 4477 328 4527 erratum
346 4487 406 4527 esse
424 4487 477 4540 ego
496 4487 607 4541 quoque
625 4472 719 4537 eredo;
741 4478 826 4541 poeta
846 4472 910 4529 forr.
925 4465 1186 4548 Ἱππώνακός(γα>
1203 4474 1318 4544 sen‘psit.
