3164 4800
206 311 248 371 34
631 316 679 365 DE
697 314 878 367 COMOEDIA
895 313 1036 365 GRAECA

136 520 161 543 κ
207 486 320 565 αὐτοῖς
341 485 379 553 τὸ
400 484 459 569 την
481 492 667 563 κωμωιδίαν
690 487 814 566 γέλωτα
837 481 919 566 έχειν
943 491 997 550 καί
1020 480 1196 563 σκώμματα
1219 488 1274 548 καί
1293 480 1348 548 κδ’
1359 506 1476 563 χορευ·
1499 497 1513 546 5

206 586 274 670 τάς,
296 586 355 671 τὴν
377 593 410 654 δέ
433 593 630 670 τραγωιδίαν
652 593 706 651 καί
728 583 807 665 τούς
829 584 993 670 σατύρους
1014 585 1070 652 ἐπ’
1093 588 1162 669 ἴσης
1183 589 1243 664 μέν
1265 582 1349 666 έχειν
1361 608 1476 667 χορευ-

206 691 263 770 τὰς
285 715 317 771 ις
327 688 344 773 ',
375 693 536 772 διαφέρειν
559 694 592 755 δέ
618 687 701 772 πρὸς
728 686 892 771 ἀλλήλους
921 686 971 755 δτι
1000 687 1019 772 ἣ
1040 693 1100 767 μέν
1126 694 1302 771 τραγωιδία
1327 681 1476 771 θρήνους

205 792 310 872 μόνον
333 795 394 876 έχει
415 799 470 858 καί
491 788 644 874 οἰμωγάς,
667 784 685 875 ἡ
710 796 743 857 δέ
766 789 921 874 σατυρικὴ
947 799 1075 874 ποίησις
1104 799 1273 874 σνγκιρνᾶι
1300 804 1372 867 ταῖς
1400 787 1476 855 ὀλο-

207 895 362 980 φύρσεσιν
386 893 560 980 ἱλαρότητα
592 900 648 960 καί
682 892 746 960 α’πὸ
781 892 934 979 δακρύων
964 901 1008 973 είς
1032 892 1139 978 χαρὰν
1167 900 1339 959 καταντᾶν
1369 892 1476 956 εἴωθε.

207 1002 348 1083 διαφέρει
371 1003 404 1064 δέ
426 1004 480 1063 καί
502 993 583 1061 κατὰ
606 1004 706 1063 τοῦτο
728 1002 903 1079 τραγωιδία
924 1004 978 1062 καί
1000 1001 1167 1075 κωμωιδία
1189 992 1240 1061 δτι
1262 992 1282 1078 ἣ
1304 997 1363 1072 μέν
1378 1017 1475 1077 τραγ·
1487 1016 1516 1065 10

207 1107 300 1167 ωιδία
322 1096 391 1166 λύει
413 1098 472 1166 τὸν
493 1107 579 1180 βίον,
609 1097 629 1183 έγ
652 1103 685 1164 δέ
706 1106 873 1177 κωμωιδία
897 1107 1072 1183 συνίστησι.
1090 1127 1093 1135 ·
1109 1102 1275 1177 κωμωιδία
1297 1099 1330 1161 δέ
1351 1091 1474 1178 ἐκλήθη

205 1203 225 1287 ἢ
248 1200 298 1268 ὅτι
320 1199 402 1268 κατὰ
424 1200 483 1267 τὸν
504 1198 620 1285 καιρὸν
641 1209 703 1267 τοῦ
723 1198 874 1282 κώματος
901 1201 974 1286 ἤτοι
1002 1209 1064 1268 τοῦ
1086 1198 1195 1267 ὕπνου
1224 1195 1340 1283 εὑρέθη
1347 1248 1357 1277 ,
1379 1193 1399 1279 ἢ
1422 1191 1474 1260 ὅτι

207 1308 242 1371 ἐν
250 1292 327 1383 1ταῖς
340 1301 464 1382 κώμαις
485 1307 652 1369 τουτέστιν
674 1305 709 1369 έν
730 1320 802 1384 ταῖς
824 1319 1017 1384 στενωποῖς,
1040 1302 1060 1387 ἢ
1084 1306 1119 1369 έν
1140 1318 1211 1381 ταῖς
1232 1298 1357 1379 κώμαις
1379 1322 1474 1364 τουτ-

206 1411 292 1473 έστιν
315 1409 350 1472 έν
371 1421 442 1483 τοῖς
462 1398 623 1487 μεγίστοις
640 1414 785 1491 χωρίοις,
807 1405 826 1491 ἢ
850 1404 900 1473 δτι
923 1409 959 1472 έν
973 1422 1043 1485 τοῖς
1056 1403 1180 1485 κώμοις
1201 1411 1255 1470 καί
1276 1399 1391 1480 πότοις
1411 1407 1474 1465 τοῦ

206 1506 371 1576 Διονύσου
394 1507 520 1590 εὑρέθη.
557 1507 577 1591 ἡ
599 1512 632 1573 δέ
654 1515 829 1591 τραγωιδία
851 1508 914 1576 άπὸ
935 1517 1000 1596 τοῦ
1013 1506 1168 1591 τράγονῆ
1189 1503 1302 1591 τρύγα,
1324 1506 1473 1570 τουτέστι
1486 1529 1516 1579 15

207 1615 283 1678 νέον
306 1613 410 1686 οἶνον,
433 1607 619 1692 λαμβάνειν,
642 1609 660 1694 ἢ
684 1609 748 1677 άπὸ
771 1621 833 1679 τοῦ
853 1618 947 1697 τρυγὶ
965 1619 1138 1696 χρίσασθαι
1159 1609 1200 1676 τὰ
1221 1606 1386 1693 πρόσωπα
1397 1604 1475 1672 κατ’

207 1710 317 1795 α’ρχάς,
340 1711 359 1796 ἢ
382 1709 433 1778 δτι
454 1700 666 1794 τετραγώνως
687 1718 818 1781 ίσταντο
840 1719 1050 1796 τετραγωιδία
1071 1719 1126 1779 καί
1147 1717 1336 1805 τραγωιδία,
1358 1709 1378 1794 ἢ
1406 1707 1475 1776 άπὸ

205 1822 267 1881 τοῦ
295 1821 443 1898 τραχείας
475 1813 573 1893 ῶιδὰς
606 1815 687 1896 έχειν
719 1812 797 1894 τούς
828 1814 974 1900 θρήνους
1005 1821 1180 1899 τραγωιδία
1212 1820 1266 1880 καὶ
1297 1818 1475 1896 τραγωιδία
1518 1816 1522 1824 ’

206 1913 332 2000 ἐκλήθη.
375 1914 395 1999 ἡ
430 1916 585 2001 σατυρικὴ
614 1923 647 1984 δέ
681 1915 747 1984 άπὸ
775 1926 843 1984 τῶν
873 1916 1024 2001 σατύρων
1052 1915 1171 2001 ἐκλήθη
1204 1925 1272 1982 τῶν
1305 1911 1474 1999 εὑρόντων

207 2015 308 2102 αύτην
329 2016 400 2100 ἤτοι
426 2028 579 2102 γεωργῶν
601 2027 655 2085 καί
678 2019 817 2086 εὐτελῶν
840 2018 1038 2103 α’νθρώπων.
1083 2025 1258 2105 τραγωιδοί
1286 2023 1320 2084 δέ
1342 2023 1517 2100 ποιηταίηρ

207 2119 320 2205 Ἀρίων
347 2125 461 2200 Θέσπις
494 2119 652 2204 Φρύνιχος
680 2120 841 2204 Αἰσχύλος
867 2132 1041 2207 Σοφοκλῆς
1066 2122 1242 2206 Εὐριπίδης
1268 2119 1335 2186 Ὶων
1354 2117 1474 2202 Ξίχαιὸς

205 2230 260 2288 καί
282 2225 384 2306 έτεροι
416 2230 527 2305 μυρίοι
560 2227 636 2291 νέοι.
688 2231 853 2303 κωμωιδοί
891 2222 1106 2309 πραττόμενοι
1139 2237 1299 2308 Κρατῖνος
1331 2220 1473 2290 Πλάτων

204 2322 348 2403 Εὔπολις
378 2322 575 2408 Φερεκράτης
603 2322 832 2410 Ἀριστοφάνης
860 2334 913 2392 καί
943 2323 1054 2410 ἕτεροι.
1106 2335 1159 2393 καί
1188 2331 1256 2394 νέοι
1282 2330 1473 2409 Μένανδρος

149 2484 153 2492 .
209 2423 361 2510 Φιλήμων
394 2434 565 2492 Φιλιστίων
593 2435 647 2493 καί
676 2437 803 2511 πλῆθος
829 2425 924 2495 πολύ.
972 2428 1143 2512 σατυρικὸς
1172 2434 1205 2495 δέ
1226 2436 1389 2512 Πρατίνας
1417 2436 1474 2495 καί

207 2528 319 2609 έτεροι.
374 2535 427 2592 καί
463 2538 566 2595 ταῦτα
600 2535 660 2607 μέν
697 2538 769 2613 περί
804 2540 968 2614 τραγικῶν
1005 2539 1190 2613 σατυρικῶν
1225 2539 1280 2597 καί
1315 2541 1472 2611 κωμικῶν
1484 2555 1517 2604 25

206 2655 361 2713 ποιητων.

720 2822 922 2830 -ι--αι-

523 3057 596 3122 VII.
624 3053 823 3121 ΙΩΑΝΝΟΥ
844 3056 934 3122 ΤΟΥ
955 3056 1157 3122 ΤΖΕΤΖΟΥ
1242 3058 1246 3068 “

442 3189 588 3257 ΣΤΙΧΟΙ
623 3190 723 3255 ΠΕΡΙ
760 3191 978 3257 ΔΙΑΦΟΡΑΣ
1014 3191 1228 3258 ΠΟΙΗΤΩΝ.

339 3345 341 3350 ’
452 3355 639 3429 Ποιητικῶν
660 3349 835 3425 μέλλουσιν
858 3344 1011 3429 ἄρχεσθαι
1033 3345 1143 3431 λύγων

451 3446 558 3529 χρεών
581 3446 741 3515 διδάσκειν
763 3457 878 3533 πρῶτα
900 3448 958 3528 τάς
980 3453 1161 3533 διαιρέσεις·

453 3547 541 3615 οὕτω
564 3548 625 3632 γάρ
648 3547 853 3618 εύσύνοπτον
876 3548 964 3617 ἔσται
986 3567 1056 3630 τοῖς
1079 3557 1181 3631 νέοις·

291 3771 342 3819 VI⁸
379 3773 410 3822 13
433 3772 464 3818 ἐν
482 3779 542 3820 τῶν
564 3766 640 3822 δδοτε
661 3788 687 3822 n.
705 3770 807 3838 1151,
834 3773 867 3823 cf.
887 3773 994 3824 'l'zetzse
1017 3774 1097 3824 lamb.
1116 3777 1207 3825 n.VII
1224 3792 1250 3828 v.
1269 3779 1312 3829 31.
1332 3778 1382 3828 115

207 3855 239 3904 14
257 3853 290 3902 ci.
311 3853 399 3917 Steph.
412 3855 475 3917 Byz.
494 3870 514 3905 s.
532 3857 611 3921 κώμη
628 3872 654 3920 p.
667 3859 727 3919 400,
740 3858 773 3908 22
845 3860 876 3910 15
895 3859 928 3908 oi.
944 3853 995 3910 v23
1065 3860 1105 3910 20.
1118 3862 1148 3912 21
1168 3862 1260 3926 tragici
1278 3865 1382 3925 praeter
1392 3861 1473 3910 Ario-

204 3951 264 3986 nem
283 3938 397 4001 Thesp'in
414 3939 593 4002 Phrynichum
611 3941 694 3991 eidem
718 3942 746 3990 in
763 3942 889 3992 laterculo
908 3944 1072 4006 Coisliniano,
1096 3945 1128 3994 de
1146 3961 1199 4009 quo
1217 3962 1241 3997 v.
1260 3947 1293 3997 ad
1311 3962 1337 3995 n.
1354 3945 1382 3995 11

205 4023 238 4072 22
257 4024 447 4089 πραττόμενοι
465 4038 488 4073 v.
508 4024 588 4074 schol.
606 4026 682 4078 Dion.
700 4027 762 4076 Thr.
780 4042 859 4091 supra
875 4043 901 4090 p.
916 4030 956 4088 15,
971 4031 1003 4080 70
1043 4054 1046 4058 ·

291 4141 419 4198 vlJf-lx
448 4142 538 4192 Edidit
554 4144 617 4194 haee
635 4146 772 4195 Cramerus
788 4146 839 4196 An.
852 4145 902 4196 Ox.
920 4147 961 4196 111
978 4149 1028 4198 334
1046 4148 1148 4199 duobus
1165 4150 1297 4200 codicibus
1314 4148 1472 4200 Oxouiensi·

205 4223 254 4274 bus
273 4240 349 4287 usus,
372 4226 454 4276 altero
472 4227 627 4278 Barocciano
646 4231 687 4294 (B)
711 4232 793 4281 altero
811 4231 1021 4281 Meermanniano
1039 4233 1100 4296 (M);
1126 4236 1245 4287 σταδίου
1263 4234 1381 4285 Parisino
1400 4235 1470 4286 2644

204 4309 298 4359 iterum
312 4309 435 4360 Duebner
447 4312 514 4362 Mus.
527 4313 610 4362 Rhen.
622 4315 661 4363 lv
673 4315 762 4379 (1836)
774 4331 801 4379 p.
810 4317 869 4367 393.
887 4317 912 4365 V
923 4316 1010 4380 (1837)
1023 4332 1048 4380 p.
1060 4321 1118 4370 164.
1147 4321 1247 4370 codices
1258 4319 1389 4370 Parisinus
1399 4320 1471 4371 2403

204 4409 269 4445 εσσε.
281 4394 351 4444 XIII
365 4396 406 4460 (P)
424 4387 458 4446 et,
468 4397 536 4449 2644
553 4413 617 4448 saec.
631 4399 698 4449 xlv
711 4401 754 4464 (A)
772 4401 895 4451 adcurate
913 4401 975 4450 olim
993 4403 1021 4451 in
1037 4402 1208 4454 studemundi
1226 4421 1302 4456 usum
1320 4404 1472 4454 contuierat

203 4479 310 4543 LCohn,
338 4479 384 4544 qui
407 4495 474 4545 quae
496 4481 524 4531 in
545 4482 737 4534 Aneedotorum
759 4484 981 4536 Cmmerianorum
1004 4490 1124 4552 exemplo
1147 4489 1370 4542 studemundiano
1396 4491 1469 4555 (libr.
