3164 4800
216 306 256 365 82
646 305 693 354 nn
710 303 891 355 oononnm
908 303 1048 355 annaeo

217 476 300 561 παρ’
322 472 479 543 Εὐπόλιδι
508 480 562 539 καί
591 472 611 539 δ
632 482 784 558 Κινησίας
814 473 902 558 παρὰ
923 469 1078 541 Πλάτωνι
1103 480 1158 539 καί
1181 472 1199 539 ὁ
1222 472 1369 552 Λάμπων
1391 475 1478 558 παρὰ

218 586 380 662 Κρατίνωι
419 583 473 643 καί
513 585 580 642 τῶν
609 580 891 655 κωμωιδουμένων
922 578 1074 653 ἕκαστος·
1114 572 1196 641 ώστε
1225 584 1480 658 γραμματοδιδα-

220 691 370 748 σκαλεῖον
397 678 473 763 ημῖν
501 686 647 768 γίνεσθαι
674 676 713 744 τὸ
742 675 925 757 συμπόσιον
947 677 966 761 ἢ
988 675 1085 757 κωφὰ
1110 684 1164 742 καί
1187 676 1292 760 ἄσημα
1313 679 1353 745 τὰ
1377 680 1481 758 σκώμ-

219 810 305 863 ματα
334 785 547 865 διαφέρεσθαι.
594 783 727 864 sequitur
747 781 908 844 Menandri
929 781 1005 856 laus,
1035 779 1073 843 ei.
1096 780 1177 844 Plua
1202 782 1304 863 Oomp.
1326 781 1480 864 Aristoph.

219 896 250 948 et
270 884 445 960 Menandri,
467 905 558 966 quam
578 882 790 966 Aristophanis
812 884 942 965 reliquiis
964 883 1162 964 praepositam
1184 883 1326 948 inveniee.

308 1041 357 1102 12,
389 1038 449 1101 Dio
471 1039 557 1100 Prua
579 1058 621 1101 or.
643 1038 726 1100 Tana
749 1041 776 1112 1,
801 1041 819 1101 9
850 1037 879 1116 (Ι
901 1039 963 1100 299
985 1036 1104 1115 Arnim)
1134 1034 1295 1119 Ἀθηναῖοι
1323 1035 1383 1123 γὰρ
1413 1044 1442 1104 εί
1469 1077 1481 1087 -
1548 1075 1550 1079 >

221 1138 317 1219 θότες
345 1135 476 1206 α’κοάειν
505 1148 612 1217 κακῶς
640 1145 694 1204 καί
722 1136 761 1221 νὴ
783 1141 843 1206 Δία
873 1138 928 1204 ἐπ’
951 1136 1032 1204 αότὸ
1060 1145 1160 1203 τοῦτο
1189 1135 1356 1217 συνιόντες
1377 1127 1421 1219 εἰς
1443 1140 1480 1207 τὸ

222 1247 363 1327 θέατρον
395 1240 441 1320 ὡς
468 1239 779 1326 λοιδορηθησόμενοι
807 1248 862 1307 καί
889 1237 1133 1324 προτεθεικότες
1164 1238 1275 1321 άγῶνα
1303 1248 1357 1307 καί
1388 1251 1482 1327 νίκην

222 1361 292 1424 τοῖς
321 1337 454 1424 άμεινον
483 1342 563 1410 αὐτὸ
591 1341 799 1427 πράττουσιν,
823 1342 884 1409 ου’κ
908 1341 1001 1408 αὐτοὶ
1023 1351 1122 1408 τοῦτο
1144 1339 1294 1425 εὑρόντες
1317 1343 1399 1411 ιίλλὰ
1422 1355 1483 1413 τοῦ
1514 1400 1517 1405 .

225 1456 306 1515 θεοῦ
328 1444 642 1526 συμβουλεύσαντος,
666 1443 917 1530 Ἀριστοφάνους
938 1450 998 1524 μέν
1020 1438 1144 1528 ἤκουον
1166 1451 1220 1510 καί
1242 1455 1405 1529 Κρατίνου
1428 1456 1483 1513 καί

224 1548 419 1631 Πλάτωνος,
449 1554 503 1614 καί
532 1544 671 1626 τούτους
700 1546 796 1614 ον’δέν
824 1545 927 1613 κακὸν
953 1549 1115 1631 ἐποίησαν.
1162 1551 1228 1612 ἐπεί
1250 1552 1283 1612 δέ
1306 1548 1483 1634 Σωκράτης

225 1647 303 1722 άνευ
335 1659 452 1735 σκηνῆς
480 1657 533 1715 καί
563 1655 677 1733 ἰκρίων
706 1651 805 1714 ἐποίει
832 1647 870 1714 τὸ
898 1658 960 1716 τοῦ
981 1658 1063 1716 θεοῦ
1084 1646 1282 1733 πρόσταγμα,
1306 1650 1347 1717 οὐ
1369 1658 1485 1736 κορδα-

226 1763 326 1839 κίζων
355 1752 431 1844 ου’δὲ
452 1759 633 1836 τερετίζων,
662 1750 721 1834 οὐχ
744 1750 927 1830 ὑπέμειναν.
972 1753 1088 1818 ἐκεῖνοι
1110 1757 1169 1829 μέν
1191 1750 1251 1837 γάρ
1274 1751 1484 1839 ὑφορώμενοι

227 1865 280 1925 καί
303 1854 439 1935 δεδιότες
461 1853 520 1921 τὸν
543 1860 645 1938 δῆμον
668 1852 712 1933 ὡς
735 1850 894 1936 δεσπότην
917 1851 1097 1935 ἐθώπευον,
1119 1853 1218 1938 η’ρέμα
1242 1852 1416 1934 δάκνοντες
1431 1864 1485 1922 καί

226 1957 305 2039 μετὰ
327 1961 478 2040 γέλωτος,
502 1954 609 2040 ὥσπερ
632 1960 664 2021 ai
686 1963 794 2023 τιτθαὶ
816 1971 886 2033 τοῖς
907 1962 1057 2037 παιδίοις,
1082 1954 1162 2023 όταν
1181 1961 1250 2041 δέηι
1268 1984 1298 2023 τι
1313 1967 1381 2023 τῶν
1397 1958 1485 2042 ἀηδε-Ι

229 2067 351 2148 στέρων
379 2075 465 2127 πιεῖν
494 2057 592 2141 αὐτά,
616 2063 842 2142 ῥπροσφέρουσι
869 2062 971 2136 μέλιτι
996 2066 1146 2143 χρίσασαι
1168 2057 1227 2143 τὴν
1249 2058 1373 2128 κύλικα.
1420 2088 1484 2128 τοι·

228 2173 352 2247 γαροῦν
375 2165 537 2242 ἔβλαπτον
554 2156 724 2243 ον’χῆττον
737 2159 818 2244 ἤπερ
835 2159 997 2242 ω’φέλουν,
1020 2160 1195 2246 άγερωχίας
1210 2169 1263 2227 καί
1280 2163 1484 2242 σκωμμάτων

218 2272 282 2331 καί
309 2271 514 2344 βωμολοχίας
543 2258 804 2341 α’ναπιμπλάντες
831 2258 892 2344 τὴν
918 2261 1024 2329 πόλιν.
1071 2262 1090 2329 ό
1114 2269 1147 2329 δέ
1173 2261 1355 2344 φιλόσοφος
1375 2257 1505 2349 ἤλεγχε-

230 2375 283 2433 καί
306 2368 477 2433 ἐνουθέτει.
1449 2367 1453 2373 ’

318 2524 366 2584 13.
398 2519 541 2599 Hermog.
566 2522 645 2598 Περί
665 2513 809 2594 μεθόδου
838 2513 1020 2599 δεινότητος
1042 2539 1067 2582 o.
1089 2522 1130 2581 34
1151 2526 1229 2602 Περί
1251 2529 1313 2589 τοῦ
1336 2529 1487 2599 κωμικῶς

231 2629 342 2704 λέγειν.
388 2629 451 2687 Τοῦ
479 2618 628 2697 κωμικῶς
653 2623 757 2698 λέγειν
779 2615 844 2696 ἅμα
865 2623 919 2682 καί
942 2615 1102 2686 σκώπτειν
1125 2621 1264 2704 α’ρχαίως
1286 2638 1371 2706 τρεῖς
1391 2627 1487 2701 μέθο·

232 2731 301 2791 δοι·
332 2721 371 2789 τὸ
400 2719 481 2788 κατὰ
510 2723 691 2804 παρωιδίαν
714 2728 829 2803 σχῆμα,
858 2717 897 2785 τὸ
919 2719 1006 2804 παρὰ
1029 2728 1244 2805 προσδοκίαν,
1277 2722 1316 2790 τὸ
1338 2727 1486 2803 ἐναντίας

232 2834 394 2891 ποιεῖσθαι
426 2821 483 2900 τάς
514 2819 641 2900 εἰκόνας
672 2831 724 2906 τῆι
758 2820 851 2902 φύσει
879 2831 947 2888 τῶν
975 2821 1182 2906 πραγμάτων.
1229 2823 1357 2892 τούτων
1386 2852 1487 2909 παρα-

233 2934 381 3009 δείγματα
410 2923 560 3004 λάβωμεν
591 2922 629 2989 τά
657 2929 717 3003 μέν
746 2927 779 2989 ἐκ
807 2933 869 2991 τοῦ
890 2934 1047 3007 κωμικοῦ,
1075 2925 1115 2992 τὰ
1138 2933 1171 2993 δέ
1194 2931 1227 2992 ἐκ
1250 2937 1312 2994 τοῦ
1332 2935 1418 3009 βίον,
1447 2928 1488 2994 τά

235 3035 267 3096 δέ
294 3033 329 3094 ἐκ
356 3036 416 3095 τοῦ
445 3025 590 3112 ῥήτορος.
636 3026 769 3090 adfertur
790 3027 928 3106 deinceps
955 3029 1041 3106 primi
1066 3032 1182 3110 generis
1209 3032 1378 3110 exemplum
1398 3033 1487 3096 Arist.

234 3134 327 3211 Vesp.
342 3135 393 3206 45,
423 3130 542 3194 alterius
564 3129 666 3191 comici
687 3131 788 3192 incerti
810 3131 846 3194 fr.
868 3131 914 3195 ad.
940 3136 1000 3194 187
1017 3131 1110 3195 Mein.
1154 3133 1191 3193 de
1212 3134 1296 3196 tertio
1318 3155 1425 3214 genere
1447 3135 1489 3196 sio

234 3236 342 3316 pergit:
365 3233 403 3299 τὸ
426 3238 458 3299 δέ
482 3235 636 3308 ἐναντίως
655 3239 793 3313 χρῆσθαι
814 3248 885 3310 ταῖς
906 3231 1005 3298 είκόσι
1027 3232 1109 3318 πρὸς
1123 3233 1163 3300 τὰ
1176 3238 1292 3317 μεγέθη
1308 3243 1375 3300 τῶν
1390 3261 1489 3319 πραγ-

235 3336 348 3416 μάτων
378 3334 466 3401 οῧτω
495 3341 631 3415 γίνεται,
661 3329 717 3397 ἐάν
745 3332 886 3414 μεγάλωι
913 3336 1031 3418 μικρὸν
1060 3335 1275 3414 α’ντιτιθῶμεν
1297 3342 1350 3428 καί
1371 3347 1488 3419 μικρῶι

138 3481 142 3487 -
234 3444 323 3521 μέγα,
347 3439 420 3504 οἷον
439 3436 649 3518 ζἐμαχέσαντο
672 3439 703 3499 oi
725 3429 858 3518 όρτυγες
881 3435 925 3514 ὡς
940 3440 1021 3516 Δίας
1043 3446 1096 3503 καὶ
1112 3436 1249 3522 Ἕκτωρ
1277 3430 1331 3503 καί
1347 3435 1490 3523 (Ἕκτωρ

237 3551 290 3609 καί
313 3537 469 3623 Ἀχιλλεὺς
499 3541 690 3619 ἐμαχέσαντο
722 3536 766 3616 ὡς
795 3537 1033 3622 α’λεκτρυόνες’,
1061 3529 1142 3622 quod
1169 3542 1338 3619 exemplum
1367 3563 1431 3604 non
1452 3565 1490 3604 ex

238 3647 377 3725 scriptore
399 3643 450 3706 sed
471 3664 487 3704 e
504 3643 582 3705 vitae
603 3662 662 3703 usu
675 3641 777 3703 fiotum
791 3630 843 3704 est.
871 3651 936 3704 tum
951 3644 1082 3704 omnium
1096 3644 1184 3705 trium
1197 3664 1339 3725 generum
1353 3645 1491 3723 exempla

237 3758 378 3810 secuntur
398 3743 635 3807 Demosthenioa.

326 3903 374 3962 14.
408 3898 485 3959 idem
510 3897 579 3960 ibid.
607 3917 631 3959 o.
655 3899 695 3960 36
730 3901 906 3979 δημηγορία
935 3895 1084 3977 διάλογος
1117 3904 1282 3976 κωμωιδία
1316 3905 1490 3980 τραγωιδία

240 3998 401 4079 συμπόσια
422 3995 616 4082 Σωκρατικόι
646 3993 697 4062 διά
726 4022 816 4076 τινος
843 4003 956 4080 διπλιῙς
982 3996 1125 4076 μεθόδου
1151 3997 1257 4065 πάντα
1280 4003 1489 4068 πλέκεται...

240 4109 422 4181 κωμωιδίας
444 4106 476 4166 δὲ
499 4098 603 4183 πλοκὴ
625 4096 723 4182 πικρὰ
744 4106 797 4164 καί
819 4109 938 4182 γελοῖα,
961 4109 1029 4166 τῶν
1050 4107 1109 4180 μέν
1129 4112 1255 4186 πικρῶν
1272 4099 1492 4185 σωφρονιζόν-

240 4231 318 4287 των,
340 4213 407 4270 τῶν
431 4209 463 4269 δέ
485 4211 621 4284 γελοίων
643 4206 948 4284 παραμυθουμένων
972 4213 1038 4269 κτλ.

322 4363 377 4431 15.
402 4356 510 4420 Strabo
525 4357 542 4416 I
557 4376 585 4432 p.
594 4359 633 4418 18
645 4357 822 4434 Hipparcho
832 4358 881 4421 vel
890 4358 1050 4419 Posidonio
1062 4357 1137 4419 duee
1151 4367 1255 4419 eontra
1264 4357 1493 4419 Eratosthenem
1520 4345 1523 4349 ⁴

240 4463 398 4540 disputans
415 4460 452 4521 de
465 4458 598 4520 Homero
620 4460 752 4522 omnium
773 4460 936 4522 litterarum
957 4461 1120 4541 artiumque
1142 4471 1260 4523 auctore
1281 4461 1425 4540 principe:
1448 4457 1494 4536 ὡς
