3164 4800
742 282 941 339 PHLYACES

732 562 760 622 2.
796 559 946 626 SCIRAS

365 674 544 729 harmonio

300 780 312 829 1
339 775 444 831 Athen.
462 777 504 831 IX
521 777 599 832 4021)
619 780 742 850 Σκίρας·
770 771 811 844 είς
827 770 856 834 δ’
873 775 951 836 ἐστίν
969 768 1056 845 οὗτος
1078 783 1128 851 τῆς
1144 770 1278 850 Ἰταλικῆς
1294 775 1476 849 καλουμένης

211 863 374 929 κωμωιδίας
392 857 523 935 ποιητής,
546 862 630 935 γένος
651 867 837 935 Ταραντῖνος.

297 985 312 1035 2
338 981 433 1052 Lydus
451 982 486 1037 de
503 983 626 1053 magistr.
638 983 652 1038 Ι
664 987 695 1037 41
711 976 852 1039 Ῥίνθωνα
863 986 912 1040 καί
925 985 1039 1055 Σκίραν
1051 977 1192 1055 (σίσκήραν
1203 984 1266 1051 eod)
1283 987 1332 1041 καί
1345 987 1475 1041 Βλαῖσον

212 1069 261 1121 καὶ
278 1061 346 1132 τοὶς
362 1063 467 1133 σίλλους
489 1071 548 1124 τῶν
566 1070 777 1140 Πυθαγορείων
797 1063 880 1138 ίσμεν
897 1061 933 1126 οὗ
949 1071 1061 1140 μικρῶν
1078 1066 1259 1141 διδαγμιίτων
1282 1067 1330 1126 ἐπὶ
1354 1071 1405 1139 τῆς
1422 1087 1474 1138 με·

212 1145 300 1222 γιίλης
313 1145 446 1219 Ἑλλάδος
463 1153 599 1226 γενέσθαι
615 1148 788 1226 καθηγητιίς.

298 1271 388 1326 Seirae
406 1273 526 1327 earmina
543 1273 566 1327 si
584 1288 618 1327 ex
629 1268 740 1328 'duobus
759 1273 806 1342 qui
822 1271 874 1327 soli
892 1279 1038 1342 supersunt
1054 1274 1197 1330 versiculis
1212 1275 1278 1330 lieet
1288 1274 1475 1330 coniecturam

212 1355 310 1422 faeere,
327 1357 472 1428 phlyaoum
491 1357 585 1426 generi
603 1358 785 1414 adscribenda
801 1364 873 1413 suna

714 1538 965 1599 ΜΕΔΕΑΙῬΟΣ

299 1648 482 1717 comparanda
499 1647 668 1703 Rhinthonis
685 1646 780 1702 fabula
799 1650 909 1713 Δοῦλος
927 1647 1098 1719 Μελέαγρος
1114 1665 1142 1718 p.
1156 1652 1213 1704 186.

461 1886 537 1952 ἔνθ’
560 1881 635 1953 οὕτε
658 1887 779 1971 ποιμὴν
802 1887 891 1967 α’ξιοῖ
911 1892 1018 1966 νέμειν
1039 1886 1132 1968 βοτά,

463 1987 540 2055 οὔτ)
561 1989 744 2073 ἀσχέδωρος
765 1988 942 2068 νεμόμενος
964 1985 1189 2072 κααρωιζεται.

175 2116 216 2229 J
299 2105 404 2160 Athen.
416 2107 458 2160 IX
472 2106 548 2161 402b
568 2099 621 2163 οὐκ
633 2099 734 2179 σίγνοῶ
745 2099 774 2162 δ’
786 2096 832 2162 ὅτι
845 2103 873 2161 ol
884 2109 951 2177 περὶ
963 2101 1015 2176 τὴν
1027 2107 1164 2163 Σικελίαν
1174 2108 1380 2171 κατοικοῦντες
1391 2098 1479 2176 οίσχέ-

214 2194 309 2263 δωρον
332 2195 453 2250 καλοῦσι
476 2190 530 2248 τὸν
551 2185 705 2264 σύαγρον.
724 2231 731 2246 .
749 2195 798 2248 καὶ
816 2192 952 2262 Σκίρας.
970 2230 977 2245 .
994 2187 1026 2248 ἐν
1045 2189 1218 2264 Μελεάγρωι
1238 2192 1324 2262 φησίν
1342 2182 1423 2246 (ἔνθ’
1442 2229 1450 2244 .
1471 2230 1478 2243 .

213 2268 310 2350 narro?
339 2277 458 2348 Hesyoh.
471 2271 649 2348 ιῖσχέδωρος·
669 2271 825 2348 ὃσύαγρος
843 2275 923 2348 παρὰ
941 2268 1064 2341 Ἰταλοῖς.
1095 2277 1288 2341 Εαεα1872,4
1306 2268 1479 2346 ἀσχέδωρος

215 2357 231 2418 ὁ
251 2358 378 2434 σύαγρος
395 2358 475 2435 παρὰ
494 2355 703 2427 Ἰταλιώταις..
718 2359 793 2432 λέγει
811 2360 841 2417 δὲ
858 2364 907 2417 καί
924 2353 941 2432 ἦ
959 2360 1105 2430 κωμωιδία
1120 2354 1199 2418 ιἔνθ’
1211 2401 1239 2416 ..
1256 2352 1479 2430 καπρώιζεται’.

214 2443 286 2504 ἔνθα
309 2451 358 2504 καί
377 2438 434 2519 ὅρα
460 2441 493 2504 τὸ
511 2442 721 2518 καπρώιζεται,
746 2436 781 2504 οὗ
799 2486 826 2501 ..
844 2445 921 2514 θέμα
939 2440 1012 2516 παρ’
1030 2441 1129 2513 ἄλλοις
1152 2440 1346 2516 πρωτότναον
1369 2437 1407 2500 τὸ
1425 2465 1480 2501 κα-

120 2536 132 2594 ί
215 2537 305 2602 πρᾶν·
324 2531 357 2599 ἐξ
373 2523 407 2591 οὗ
424 2535 473 2588 καί
490 2528 559 2603 γυνη
576 2535 721 2602 καπρῶσα
739 2525 756 2603 ἦ
773 2527 892 2602 μάχλος.

261 2646 264 2650 -
301 2623 316 2672 2
334 2601 516 2758 romagnat
528 2617 639 2672 Athen:
659 2617 885 2688 καταπροίξεται
897 2616 1012 2686 Madvig
1029 2617 1132 2686 (potius
1143 2616 1364 2688 καπαροίξεται)
1429 2630 1479 2668 ex-

214 2720 308 2774 pressa
325 2704 412 2759 verba
446 2720 464 2757 x
481 2703 545 2757 Eur.
563 2701 675 2771 Hippol.
688 2707 730 2756 75.

300 2840 395 2908 procul
413 2839 541 2894 habenda
558 2845 622 2892 sunt
640 2853 710 2906 quae
728 2838 870 2893 Sonnnrnn
891 2838 981 2908 ignoti
998 2839 1080 2907 plane
1101 2836 1221 2893 hominis
1242 2835 1354 2892 nomine
1374 2833 1482 2889 tradita

216 2933 280 2980 sunt
297 2926 371 2994 apud
389 2923 466 2980 Stob.
484 2922 526 2977 III
543 2927 595 2988 2‚7
614 2939 640 2992 p.
656 2923 740 2977 179H
760 2925 917 2996 Σκληρίου·

464 3037 616 3094 πολλοῖσι
638 3037 771 3112 θνητῶν
792 3029 811 3113 ἡ
834 3035 893 3107 μὲν
916 3027 992 3110 ὄψις
1014 3025 1152 3110 εὐγενής,

464 3129 481 3196 ὁ
505 3139 584 3209 νοῦς
612 3137 630 3197 δ
638 3131 646 3154 '
669 3134 703 3197 ἐν
727 3131 839 3210 αὐτοῖς
861 3129 1015 3214 δυσγενὴς
1037 3128 1223 3213 εὑρίσκεται.

216 3255 244 3303 et
260 3248 302 3302 111
322 3251 389 3313 rar
407 3264 435 3316 p.
447 3252 496 3301 513
517 3245 671 3320 Σκιηριου·

463 3353 508 3431 ὡς
531 3352 592 3420 οὐκ
615 3350 763 3434 σίνεκτός,
787 3350 876 3431 ὅστις
897 3350 915 3434 ἢ
939 3349 1098 3435 πάροινος
1120 3348 1168 3415 ὢν

464 3454 559 3539 ἢκαί
580 3454 728 3540 μεμηνὼς
752 3461 794 3534 είς
815 3460 874 3534 μὲν
897 3451 999 3520 αὑτὸν
1022 3452 1166 3535 ἀσφαλὴς

465 3550 514 3624 ἆεί
535 3558 615 3624 ποτ’
637 3561 733 3640 ἐστίν,
756 3563 800 3636 είς
823 3562 855 3623 δὲ
878 3554 956 3634 τοὺς
978 3558 1076 3634 πέλας
1098 3569 1197 3621 νοσεῖ.

217 3691 333 3744 quorum
351 3691 479 3731 versuum
504 3683 532 3730 et
554 3676 660 3730 numeri
684 3675 836 3730 severiores
860 3681 888 3729 et
910 3672 1104 3729 sententiarum
1127 3670 1290 3726 inbecillitas
1313 3676 1343 3725 et
1365 3669 1477 3725 dicendi

217 3776 305 3828 genus
326 3760 435 3815 triviale
456 3760 588 3830 tragicum
610 3759 806 3830 philosophum
824 3759 965 3828 resipiunt.
1000 3757 1109 3826 vulgari
1130 3754 1297 3826 philosopho
1319 3754 1388 3809 illud
1407 3771 1477 3824 quo-

219 3860 272 3914 que
295 3845 409 3915 dignum
433 3845 509 3914 quod
530 3844 632 3915 legitur
653 3845 683 3899 in
706 3845 828 3900 Mentiss.
849 3860 929 3913 prov.
953 3843 981 3898 Π
998 3846 1030 3896 61
1055 3833 1184 3910 πόλεμος
1210 3833 1245 3897 ov'
1270 3843 1479 3912 λαφυραγωγεῖ

217 3928 268 4003 τὴν
281 3925 395 4004 ἀρετήν.
425 3932 576 4003 Σκληρίου,
596 3930 750 3987 adhibitum
767 3930 805 3996 id,
823 3937 854 3984 nt
865 3929 984 3995 videtur,
1001 3925 1175 3983 aPlutaroho
1193 3925 1228 3980 (le
1245 3925 1293 3980 lib.
1305 3925 1384 3980 educ.
1395 3942 1423 3995 p.
1434 3926 1477 3980 of.

218 4017 289 4072 adde
311 4017 425 4072 soolium
447 4017 483 4072 ab
506 4016 567 4072 aliis
590 4016 726 4072 Simonidi
748 4015 795 4070 vel
815 4013 988 4083 Epicharmo,
1010 4029 1027 4068 a
1051 4012 1171 4069 Stobaeo
1193 4010 1333 4076 ίΙ.103,9
1357 4010 1477 4067 Soleriae

217 4103 384 4173 adscriptum
405 4097 542 4173 ὑγιαίνειν
563 4099 616 4171 μὲν
638 4096 761 4174 ἄριστον
782 4094 863 4171 α’νδρί
880 4101 992 4156 θνατῶι
1013 4102 1073 4155 κτλ.
1141 4097 1274 4151 incertum
1291 4095 1423 4150 iudicium
1442 4097 1477 4151 de

218 4204 252 4243 eo
280 4188 327 4256 qui
353 4187 436 4242 sohol.
463 4187 528 4242 Eur.
554 4186 645 4240 Andr.
663 4190 695 4240 32
723 4184 812 4241 Schw.
838 4185 996 4240 nominatur
1021 4182 1144 4238 homine:
1172 4183 1294 4253 Σκληρίς
1321 4179 1478 4252 (Σκληρίας

219 4272 366 4339 Schwartz)
389 4273 419 4329 δὲ
440 4270 473 4329 ἐκ
495 4271 548 4340 μὲν
570 4265 759 4344 Ἀνδρομάχης
778 4268 981 4343 Μεγαπένθην,
1006 4264 1040 4325 ἐκ
1056 4267 1086 4324 δὲ
1103 4261 1252 4338 Ἑρμιόνης
1268 4258 1402 4337 Ἀγέλαον
1420 4271 1477 4336 (ge-

216 4359 309 4415 nuisse
326 4357 556 4427 Neoptolemum).

303 4445 356 4500 alia
373 4460 424 4499 nee
442 4444 532 4499 Seirae
550 4458 601 4497 neo
619 4442 736 4499 soleriae
753 4442 884 4498 videntur
901 4440 1020 4495 earmina
1037 4452 1186 4507 superesse.
