3164 4800
695 301 848 351 TZETZAE

392 473 537 558 ἣρωικοῦ
559 469 686 554 τρόπου
708 495 741 535 τε
763 479 819 553 τῆς
841 477 1052 556 τραγωιδίας,

394 571 618 657 σεμνοπρεπὴς
640 577 726 651 λέξις
747 597 780 638 τε
803 580 856 637 καὶ
880 578 1039 659 διηρμένη.

389 687 535 761 χρῶνται
558 679 633 742 δέκα
655 680 784 757 μέτροις
807 679 839 739 δέ
861 689 933 753 ταῖς
954 685 1169 761 τραγοιιδίαις,

395 787 522 858 διπλοῖς
545 776 672 857 ἰάμβοις
694 783 748 842 καλ
770 782 897 854 διπλοῖς
919 793 990 856 τοῖς
1011 785 1153 862 δοχμὶοις

336 896 379 946 190
393 889 446 948 καὶ
468 898 538 960 τοῖς
559 887 732 964 τροχαίοις,
755 895 919 962 κρητικοῖς
941 888 995 947 καὶ
1015 882 1196 966 δακτύλοις,

392 992 595 1065 βακχειακοῖς
618 982 734 1060 ἁπλοῖς
756 1006 790 1046 τε
812 987 866 1046 καὶ
887 986 1015 1062 διπλοῖς
1036 988 1131 1066 λέγω,

394 1093 447 1151 καὶ
469 1101 539 1163 τοῖς
558 1092 698 1168 χορείοις
720 1089 951 1166 προσοδιακοῖς
972 1111 1007 1150 τε
1028 1102 1098 1165 τοῖς
1119 1091 1258 1170 μέτροις,

396 1195 449 1253 καὶ
471 1203 541 1265 τοῖς
562 1195 890 1270 προκελευσματικοῖς
912 1185 1063 1269 έπόλιζον
1087 1184 1129 1254 αὖ
1150 1193 1279 1272 μέτροις

394 1295 539 1367 ἰωνικοῑς
559 1314 594 1354 τε
615 1304 685 1365 τοῖς
708 1285 854 1355 έλάττοσι
876 1293 967 1369 λέγω.

337 1403 381 1453 195
395 1391 627 1474 α’ντιστροφαῖς
648 1395 707 1467 μέν
729 1397 782 1454 καὶ
804 1399 913 1468 μελῶν
931 1400 1075 1474 χρῶνται
1098 1390 1205 1458 στάσει

392 1509 461 1572 τοῖς
485 1494 534 1572 οἷς
557 1499 729 1571 δεκαπλοῖς
752 1502 814 1558 νῦν
837 1491 1022 1577 ἐγράψαμεν
1043 1498 1190 1576 μέτροις·

395 1610 465 1674 τοῖς
487 1595 522 1660 δ’
545 1592 586 1659 αὖ
609 1602 772 1678 τροχαίοις
794 1610 959 1677 κρητικοῖς
981 1602 1035 1660 καὶ
1059 1602 1202 1677 δοχμίοις

394 1696 507 1774 άλλοις
528 1721 562 1761 τε
582 1700 721 1779 μέτροις,
745 1701 836 1779 οἵπερ
859 1695 1010 1779 εδδρομοι
1033 1695 1142 1778 φύσιν,

391 1805 627 1882 χορειομίκτοις
649 1797 709 1863 σὺν
733 1804 879 1877 ἰαμβείωι
901 1791 1029 1882 μέτροις

336 1912 380 1963 200
392 1910 536 1983 χρῶνται
558 1899 640 1984 πρὸς
663 1898 763 1978 αὐτάς
785 1898 972 1983 συγγραφὰς
993 1909 1061 1966 τῶν
1083 1900 1267 1980 κομμάτων.

393 2005 459 2068 έπεὶ
482 2008 515 2068 δέ
537 2001 644 2068 πάντα
666 2020 717 2069 σοι
740 2011 852 2083 σαφῶς
874 2011 936 2068 νῦν
959 2005 1084 2086 ἐρρέθη,

393 2113 446 2170 καὶ
469 2102 702 2186 τερματοάσδον
725 2113 902 2186 τοιγαροῦν
924 2102 962 2170 τὸ
985 2113 1121 2183 βιβλίον.

232 2345 281 2395 187
306 2348 505 2410 οεμνοπριπῶο
520 2345 608 2394 ABM:
631 2358 696 2394 oorr.
713 2344 834 2392 Duebner
905 2345 954 2395 192
980 2353 1038 2394 τοῖς
1053 2349 1194 2407 utrumque
1215 2359 1264 2396 om.
1282 2346 1333 2394 ΒΜ

146 2431 195 2480 193
216 2431 262 2479 καλ
282 2437 340 2478 τοῖο
356 2444 406 2477 om.
424 2428 475 2478 ΒΚ
562 2429 597 2479 αδ
611 2431 721 2496 μέτροις
737 2429 774 2477 A:
805 2426 888 2478 αὖθις
903 2428 954 2477 BM
1050 2432 1099 2481 195
1118 2433 1216 2497 χρῆται
1233 2430 1311 2479 codd:
1336 2446 1401 2480 corr.

144 2514 249 2564 FKuhn
1350 2536 1352 2540 ⁴
