3164 4800
572 283 808 345 GLOSSARIVII
825 281 1071 341 rramo‘rlcvu

610 578 613 582 ’
659 582 688 642 6.
720 575 987 642 THVRIORVII

280 752 328 804 158
352 745 471 818 Hesyoh.
484 744 633 818 αἰγίλιψ..
644 748 695 802 καί
711 742 774 803 ἰτία
790 737 849 802 iani
865 744 1006 816 Θουρίων.
1036 740 1203 798 Thuriorum
1220 738 1389 798 vocobulum
1403 739 1463 796 fuit

193 834 340 906 αἰγολίς,
362 831 438 903 quod
455 829 541 904 λύγος
557 830 708 902 explicatur
724 829 769 884 nt.
786 828 823 883 u.
840 832 882 895 28,
901 832 934 884 28
953 834 982 885 et
999 826 1121 900 Hesych.
1139 843 1161 882 a.
1178 843 1207 882 v.

278 1007 327 1058 159
353 1001 472 1075 Hesych.
488 997 702 1077 Ἐπιβολεύς·
722 993 894 1073 ὃἩρακλῆς
911 996 992 1073 παρὰ
1013 985 1158 1074 Θουρίοις.
1176 1035 1178 1039 -

280 1178 329 1229 166
356 1172 475 1244 Hesych.
493 1168 590 1247 ἰψόν·
608 1166 662 1230 τὸν
678 1165 791 1229 κισσόν.
830 1165 957 1246 Θούριοι.

281 1348 328 1399 161
356 1343 461 1400 Athen.
479 1343 533 1400 VH
550 1347 623 1399 329a
641 1342 826 1413 Καλλίμαχος
844 1333 871 1399 δ’
889 1332 1075 1406 ἐνἜθνικαῖς
1093 1331 1265 1408 ὀνομασίαις
1277 1378 1284 1393 .
1297 1376 1305 1391 .
1316 1333 1351 1394 ἰν
1367 1332 1464 1397 ἄλλοι

197 1429 227 1487 δὲ
248 1427 328 1499 μέρει
352 1428 521 1502 καταλέγων
542 1425 652 1501 ἰχθύων
675 1419 835 1497 ὀνομασίας
857 1426 944 1497 φησίν
961 1418 1114 1494 ζὄζαινα,
1140 1415 1310 1494 ὀσμύλιον
1329 1417 1463 1496 Θούριοι,

157 1558 159 1564 ι
197 1510 294 1581 ἴωπες,
309 1511 434 1587 ἐρίτιμοι
451 1507 608 1586 Ἀἰληναῖοιι
628 1512 670 1578 (ir.
683 1515 715 1567 38
728 1511 819 1576 Sohn).
854 1509 960 1565 mireris
976 1508 1043 1565 talia
1059 1515 1200 1579 tamquam
1212 1507 1378 1565 Thuriomm
1395 1525 1464 1580 pro·

197 1599 258 1670 pria
275 1598 470 1654 Callimachum
487 1604 612 1664 notasse,
634 1596 669 1652 ci.
686 1596 757 1653 Poll.
775 1597 803 1652 11
820 1599 863 1661 76,
884 1598 934 1652 καί
953 1586 1076 1664 ύσμολία
1093 1589 1202 1667 ἰχθύων
1219 1614 1245 1651 τι
1262 1594 1348 1668 γένος
1364 1588 1381 1668 ἢ
1399 1588 1461 1653 tuo

198 1688 258 1742 τῶν
274 1686 391 1741 πολλῶν
409 1679 511 1752 ὄζαινα
527 1680 696 1754 καλουμένη.

285 1858 332 1908 162
360 1845 802 1925 Ηοιγο1.ῥοίγανον·ῥοὶιοιον.
831 1845 957 1923 Θούριοι.
992 1849 1126 1906 vixrecte
1144 1845 1285 1923 ρύγανον·
1305 1846 1462 1922 ῥαβδίον

198 1939 351 1997 MSchmidt
367 1937 428 1994 coll.
446 1937 512 1993 Hes.
530 1930 667 2010 ῥόχανον.
696 1934 764 1991 latet
780 1935 898 1992 fortasse
916 1933 984 1990 nihil
1001 1934 1055 1990 nisi
1073 1930 1199 2006 ραδινύν.

65 2188 68 2195 Ι
148 2154 163 2187 .·
286 2114 334 2164 163
361 2107 480 2180 Hesych.
493 2107 627 2173 σαννίς·
646 2100 849 2178 ύρνοσιύνύραξ.
875 2104 1001 2178 Θούριοι.
1025 2103 1173 2175 eprIcain'o
1186 2103 1310 2170 obscura
1328 2118 1366 2159 an
1384 2105 1462 2176 δραι·

9 2208 29 2229 ·¹
76 2260 80 2265 ¹
201 2191 253 2261 νὸς
268 2190 399 2266 οἷνθραξί

287 2369 335 2419 164
361 2362 480 2435 Hesych.
499 2361 662 2435 φέρτρος·
680 2350 781 2426 ἆθλος.
818 2356 945 2431 Θούριοι.

339 2763 366 2822 7.
398 2755 704 2820 ITALIOTARVM
735 2753 969 2818 ITALORVM
1000 2751 1328 2817 SIOELIOTARVM

702 2855 960 2920 SIOVLORVM

290 3024 410 3094 Antiqui
432 3041 521 3080 rerum
544 3024 684 3094 scriptorIs
701 3025 787 3080 verba
804 3023 899 3093 Steph.
916 3024 983 3095 Byz.
1000 3039 1029 3094 p.
1048 3026 1106 3088 568,
1123 3026 1140 3076 4
1163 3021 1286 3078 servavit
1302 3021 1382 3078 haec:
1406 3026 1469 3080 τῶν

182 3099 185 3105 ’
207 3109 238 3166 δὲ
254 3112 401 3182 νησιωτῶν
419 3107 447 3166 σί
463 3108 517 3179 μὲν
531 3108 675 3177 ἰθαγενεῖς
693 3106 781 3168 πύλαι
793 3111 899 3182 Λίγυες
916 3107 948 3177 ἐξ
961 3103 1082 3174 Ἰταλίας
1095 3110 1212 3165 Σικελοί
1228 3106 1370 3179 λέγονται,
1389 3105 1420 3166 ol
1437 3108 1468 3167 οὲ

179 3192 184 3225 ·’
207 3185 481 3267 ἰπὴλνδεςσΕλληνές
503 3194 556 3251 εἰσι
574 3197 745 3253 Σικελιῶται
768 3189 819 3261 [ῶς
839 3188 1012 3260 lautacismi
1052 3193 1169 3249 eandem
1191 3192 1344 3249 doctrinam
1365 3193 1469 3250 Aelius

207 3280 360 3352 Dionysius
377 3279 492 3336 tradidit
507 3280 582 3350 apud
600 3280 773 3337 Eustachium
788 3284 862 3346 1896,
876 3285 922 3334 50:
941 3272 1041 3336 Ἰταλοὶ
1058 3276 1112 3348 μὲν
1130 3274 1159 3335 oi
1175 3275 1331 3351 βάρβαροι,
1348 3270 1470 3337 Ἰταλιῶ-

177 3378 180 3387 “
208 3385 256 3423 ται
281 3365 311 3423 δὲ
334 3363 363 3423 σί
384 3355 720 3440 ἐπιοικηκότεςἝλληνες
745 3361 797 3439 τὴν
818 3358 948 3422 Ἰταλίαν.
984 3354 1061 3421 oliuu
1083 3366 1133 3419 καί
1152 3364 1283 3429 Σικελοί,
1309 3365 1393 3436 φησί,
1418 3368 1470 3421 καί

210 3454 381 3508 Σικελιῶται
407 3449 598 3522 διαφέρουσιν.
636 3468 664 3506 v.
688 3450 849 3507 Schwaqus
875 3449 939 3504 Ael.
962 3449 1046 3505 Dion.
1073 3454 1101 3504 et
1121 3448 1203 3504 Paus.
1227 3448 1263 3504 ad
1284 3464 1312 3517 p.
1332 3452 1469 3515 116115.

209 3535 284 3605 apud
300 3535 510 3606 lexicographos
527 3551 595 3590 vero
613 3543 642 3591 et
658 3534 874 3606 glossographos
891 3534 943 3590 etsi
961 3533 1106 3590 Siceliotae
1125 3540 1155 3589 et
1170 3532 1296 3588 ltaliotae
1313 3534 1362 3589 ubi
1379 3535 1471 3610 nomi-

209 3626 310 3675 nantur
327 3619 422 3676 Graeci
445 3621 548 3690 ubique
566 3620 744 3692 intellegendi
762 3627 839 3688 suut,
862 3636 920 3675 non
937 3627 1029 3674 tamen
1047 3619 1095 3674 ubi
1114 3618 1197 3674 Siculi
1214 3624 1244 3673 et
1259 3617 1334 3683 itan,
1359 3618 1471 3675 barbari

210 3704 322 3773 ubique.
356 3712 497 3775 praeterea
513 3712 604 3761 autem
622 3722 673 3761 nec
690 3706 817 3762 Itali0tae
834 3705 860 3760 ei
878 3704 967 3761 solum
986 3703 1033 3774 qui
1051 3704 1080 3757 in
1097 3703 1178 3759 Italia
1194 3701 1357 3759 habitabant
1371 3702 1472 3760 Graeci

211 3796 346 3845 vocantur
361 3806 413 3846 nec
430 3791 513 3846 Siculi
531 3791 577 3847 vel
595 3791 740 3847 Siceliotae
758 3791 784 3846 ei
802 3791 891 3846 solum
909 3789 958 3859 qui
975 3790 1005 3844 iu
1022 3789 1126 3845 Sicilia:
1143 3795 1213 3845 noto
1230 3789 1303 3844 enim
1320 3805 1373 3844 usu
1389 3788 1472 3846 Italia

212 3879 241 3928 et
257 3873 349 3929 Sicilia
365 3876 502 3931 vocabula
518 3877 590 3931 inter
606 3892 636 3932 se
654 3874 867 3931 confunduntur.
896 3875 990 3945 itaque
1007 3874 1075 3931 hacc
1094 3875 1224 3944 quoniam
1241 3889 1298 3929 non
1312 3873 1379 3928 sads
1396 3881 1473 3930 certa
1542 3908 1548 3918 -

211 3958 317 4014 ratione
334 3966 463 4029 poterant
479 3961 609 4029 discerni,
626 3977 683 4016 uno
701 3961 790 4031 capite
808 3977 904 4016 omnes
921 3959 1194 4030 comprehendendae
1211 3964 1289 4014 erant
1305 3958 1416 4028 glossae
1434 3959 1472 4016 ad

211 4050 312 4100 certam
324 4044 461 4113 quandam
473 4046 613 4101 civitatem
631 4062 688 4101 uon
705 4045 815 4101 relatae.
841 4045 996 4100 Italicarum
1014 4045 1167 4115 glossarum
1185 4043 1266 4113 copia
1276 4042 1356 4098 facile
1373 4044 1472 4115 augeri

211 4135 320 4198 poterat
336 4129 489 4201 adsumptis
506 4131 546 4187 eis
558 4131 701 4187 vocabulis
719 4146 790 4200 quae
808 4130 908 4186 artiore
923 4129 1042 4200 quodam
1060 4129 1171 4200 linguae
1184 4128 1295 4185 vinculo
1313 4145 1375 4186 cum
1386 4129 1473 4187 Italo·

211 4231 271 4270 rum
289 4213 419 4271 Oscorum
437 4216 602 4272 Umbrorum
620 4215 764 4271 vocabulis
786 4215 932 4271 coniuncta
949 4221 1020 4271 sunt.
1056 4215 1105 4271 scd
1122 4214 1173 4270 hac
1190 4214 1220 4269 in
1237 4230 1367 4284 requam
1388 4214 1473 4273 iacile

213 4299 275 4370 quis
297 4300 386 4356 licitos
403 4300 475 4357 fines
492 4301 646 4372 transgredi
662 4300 792 4370 potuerit,
812 4299 961 4356 Immischii
979 4301 1134 4370 exemplum
1153 4300 1235 4356 docet
1251 4300 1299 4370 qui
1316 4299 1352 4356 de
1369 4299 1474 4372 glossis

212 4384 291 4441 lexici
313 4385 480 4458 Hesychiani
497 4385 599 4441 Italicis
621 4392 819 4442 commentatus
842 4391 885 4442 est
907 4385 984 4440 Stud.
1003 4385 1078 4455 Lips.
1095 4385 1164 4442 VIII
1181 4390 1240 4441 167.
1274 4384 1364 4455 recepi
1385 4385 1476 4457 Igitru

213 4486 284 4541 quae
305 4471 385 4528 cerda
405 4471 570 4528 testimoniis
588 4470 685 4528 SIculis
702 4471 747 4526 vel
765 4470 843 4526 Italis
860 4471 997 4540 adscripta
1014 4470 1182 4528 inveneram.
