3164 4800
615 276 662 325 DE
679 275 859 326 COMOEDIA
876 275 1015 326 GRAECA

514 529 609 594 XIII.
646 528 673 593 Ε
695 527 826 595 LIBRO
851 528 1117 597 GLOSSARVM.

806 701 824 760 I

190 823 217 882 1.
250 819 416 883 Comoedia.
459 821 580 883 historia
601 819 759 900 tragoedia

252 922 427 986 comoediae.
473 923 588 984 cantIca
609 921 735 1001 agrestia
756 941 867 1001 graece.
1148 994 1151 1000 ,

189 1027 216 1087 2.
250 1024 400 1086 comoedia
426 1035 472 1087 est
499 1044 576 1106 quae
596 1043 642 1084 res
665 1022 847 1100 prIvatorum
868 1033 898 1083 et
918 1022 1073 1102 humilium
1101 1044 1293 1101 personarum
1318 1046 1447 1104 compre·

252 1125 356 1187 hendit
377 1147 441 1188 non
462 1135 524 1187 tam
545 1125 607 1186 alto
629 1135 664 1186 ut
684 1124 835 1205 tragoedia
856 1125 925 1186 stilo
947 1125 1000 1186 sed
1021 1125 1158 1188 mediocri
1178 1136 1209 1187 et
1229 1126 1319 1190 dulci.

189 1231 217 1292 3.
250 1228 400 1290 comoedia
426 1238 472 1290 est
498 1248 574 1309 quae
602 1215 786 1304 privatorum
812 1226 967 1289 hominum
994 1229 1125 1290 continet
1149 1240 1224 1292 acta.
1267 1230 1476 1292 comoediam5

253 1340 351 1391 autem
380 1330 530 1392 invenisse
556 1328 693 1391 Thaliam
721 1348 814 1389 unam
842 1349 880 1390 ex
907 1328 1004 1390 Musis
1032 1340 1136 1406 poetae
1164 1329 1325 1395 finxerunt.
1371 1332 1450 1394 dicta

254 1441 351 1492 autem
373 1431 522 1494 comoedia
545 1431 607 1493 sive
628 1451 647 1492 a
667 1430 742 1504 loce,
765 1430 835 1510 quia
848 1430 957 1493 circum
972 1451 1065 1512 pagos
1079 1431 1230 1512 agebatur,
1252 1453 1328 1514 quos
1343 1433 1450 1496 Graeci

253 1554 352 1595 comas
374 1543 495 1605 vocant,
525 1533 588 1595 sive
609 1552 628 1593 a
648 1533 875 1594 comessatione:
913 1533 1051 1595 solebant
1076 1534 1155 1594 enim
1183 1545 1251 1611 post
1278 1534 1377 1596 cibum
1398 1535 1450 1596 ho·

253 1637 347 1697 mines
370 1635 409 1696 ad
430 1655 481 1696 eos
503 1633 668 1697 audiendos
689 1634 798 1697 venire.
841 1637 871 1697 4.
894 1634 946 1696 sed
962 1635 1041 1713 prior
1055 1656 1090 1698 ac
1104 1646 1190 1699 vetus
1213 1635 1363 1698 comoedIa
1384 1635 1450 1696 ridi-

254 1737 362 1800 cularis
384 1738 487 1800 extitit.
531 1746 636 1818 postea
656 1735 757 1800 civiles
779 1736 829 1799 vel
843 1737 975 1815 privatas
997 1738 1137 1818 adgressa
1158 1738 1294 1800 materias
1315 1738 1348 1798 in
1362 1737 1447 1800 dictis
1463 1749 1491 1798 10

256 1850 345 1920 atque
358 1849 446 1920 gestu
467 1839 673 1902 universorum
694 1838 802 1900 delicta
816 1839 975 1917 corripiens
997 1840 1028 1900 in
1044 1860 1182 1902 scaenam
1196 1839 1372 1919 proferebat,
1394 1860 1450 1901 neo

255 1942 435 2005 vetabantur
461 1949 565 2019 poetae
592 1941 752 2018 pessimum
780 1962 928 2022 quemque
949 1941 1112 2004 describere
1133 1942 1184 2004 vel
1205 1941 1363 2005 cuiuslibet
1384 1963 1450 2020 pec-

254 2054 321 2105 cata
342 2063 497 2124 moresque
517 2042 738 2120 reprehendere.
781 2052 884 2105 auctor
905 2043 968 2105 eius
990 2044 1133 2107 SusarIon
1155 2043 1297 2107 traditur·
1340 2047 1369 2106 5.
1398 2045 1450 2106 sed

255 2145 287 2206 in
308 2144 429 2207 fabulas
456 2146 543 2223 primi
559 2165 636 2206 ‘eam
657 2144 849 2207 contulerunt
875 2141 974 2228 (non)
998 2166 1137 2227 magnas,
1166 2146 1207 2207 ita
1228 2157 1346 2208 utnon
1368 2166 1451 2207 exce-

255 2248 359 2309 derent
379 2248 411 2308 in
432 2247 558 2328 singulis
580 2267 683 2309 versus
705 2257 847 2310 trecenos.
898 2251 926 2310 6.
955 2258 1059 2325 postea
1080 2258 1179 2309 autem
1201 2249 1310 2310 omissa
1329 2247 1449 2309 maledi-
1464 2260 1492 2309 15

186 2356 189 2361 ⁴
256 2350 342 2412 cendi
362 2349 497 2412 libertate
518 2351 700 2427 privatorum
721 2349 877 2412 hominum
891 2351 983 2413 vitam
1004 2370 1073 2412 cum
1090 2349 1237 2411 hilaritate
1250 2349 1451 2424 imitabantur,

256 2452 450 2514 admonentes
479 2451 551 2533 quid
578 2450 779 2528 adpetendum
806 2451 916 2531 quidve
943 2451 1110 2514 cavendum
1136 2461 1221 2514 esset.
1281 2456 1308 2514 7.
1337 2451 1452 2513 Romae

256 2554 421 2634 tragoedias
442 2552 666 2635 comoediaeque
687 2554 800 2630 primus
821 2554 882 2635 egit
902 2553 1037 2634 idemque
1058 2553 1144 2614 etiam
1166 2553 1332 2630 composuit
1345 2553 1451 2616 Ltvius

258 2655 450 2717 Andronicus
478 2654 589 2732 duplici
617 2665 687 2736 toga
708 2655 862 2720 infulatus.
907 2667 982 2733 aput
1002 2656 1155 2718 Romanos
1183 2675 1302 2736 quoque
1323 2655 1451 2716 Plautus

257 2756 423 2828 comoediae
437 2756 543 2819 choros
565 2756 702 2836 exemplo
724 2756 906 2819 Graecorum
927 2757 1059 2820 inseruit.
1462 2771 1492 2820 20

195 2863 223 2923 8.
255 2859 386 2921 comoedi
408 2867 479 2919 sunt
500 2859 551 2938 qui
571 2859 753 2937 privatorum
774 2859 927 2940 hominum
948 2868 1015 2921 acta
1029 2858 1114 2920 dictis
1136 2867 1189 2920 aut
1202 2868 1288 2938 gestu
1302 2858 1453 2920 canebant

259 2971 348 3042 atque
380 2969 485 3040 stupra
516 2961 665 3041 virginum
697 2973 728 3024 et
754 2982 868 3034 amores
901 2962 1084 3023 meretricum
1115 2960 1147 3020 in
1181 2961 1241 3022 suis
1270 2960 1381 3022 fabulis
1402 2980 1452 3020 ex·

259 3063 433 3142 primebant.

806 3233 842 3295 II

197 3375 224 3434 9.
258 3364 422 3451 Tragoedia
442 3380 487 3432 est
508 3389 584 3451 quae
605 3390 652 3430 res
674 3369 809 3448 publicas
831 3369 1026 3446 amplissimas
1052 3379 1082 3430 et
1102 3389 1204 3448 regum
1226 3367 1362 3430 historias
1384 3367 1453 3429 con'·

259 3474 341 3536 tinet.
385 3471 565 3552 tragoediam
586 3482 686 3533 autem
707 3492 726 3533 a
746 3472 936 3550 Melpomene
951 3471 1043 3532 Musa
1063 3479 1202 3531 asserunt
1222 3480 1326 3547 poetae
1347 3471 1451 3532 iuven·
1465 3486 1495 3536 25

257 3661 325 3710 XIII
342 3656 444 3711 Edicta
453 3655 517 3710 baec
531 3654 632 3710 Usener
640 3654 714 3709 Mae.
724 3654 811 3710 Rbea.
822 3653 965 3710 XXVIII
970 3656 1025 3709 418
1037 3654 1172 3710 code'eibue
1183 3671 1249 3709 aaue
1260 3653 1454 3724 Beraeaaiffl)

197 3741 357 3797 Monaceetet'
376 3740 436 3811 (Μ)
456 3739 630 3810 Sangallenei
648 3739 708 3810 (G),
734 3758 747 3794 e
765 3739 863 3810 quibua
875 3755 968 3810 pauca
985 3739 1098 3795 cantabo
1116 3738 1330 3810 oriboprapbime
1347 3738 1455 3793 omiaac'a

257 3847 270 3895 Ι
288 3849 304 3898 3
321 3845 352 3897 ia
368 3860 421 3912 rap.
440 3824 566 3897 asmo}
582 3842 610 3897 Β
642 3832 671 3896 ts‘
685 3842 723 3897 Μ
736 3859 789 3897 om.
804 3840 830 3895 G
847 3839 905 3910 ‘pro
923 3840 1032 3896 Isidoro
1044 3842 1176 3898 Placidus
1192 3841 1378 3896 acreddendae
1395 3843 1456 3895 erat

198 3927 302 3984 auctor'
321 3927 427 3996 Usener,
446 3928 517 3984 Iaid.
533 3927 579 3983 Or.
594 3931 653 3996 a?
707 3931 819 3981 etalem
837 3926 902 3981 ΒΜ
953 3933 1050 3994 iquos
1067 3918 1138 3982 BG:
1160 3945 1225 3993 quas
1242 3925 1280 3980 Μ
1330 3930 1454 3980 9sed—

199 4021 229 4069 17
243 4018 338 4066 Romae
350 4030 400 4068 om.
414 4012 452 4067 Μ
501 4020 533 4068 10
550 4017 664 4080 priveles
685 4012 711 4067 G
764 4017 795 4066 12
812 4015 949 4065 betabatur
962 4012 1019 4067 BG
1036 4012 1092 4066 ‘nec
1104 4016 1240 4066 vetabatur
1252 4006 1300 4064 eis'
1319 4010 1390 4067 Iae'd.
1401 4014 1426 4080 8,
1441 4015 1455 4067 7

249 4101 394 4151 describere
411 4098 487 4153 Iaid:
509 4103 657 4152 discrimine
669 4097 727 4152 BG
779 4101 887 4151 cuiIIbet
903 4096 974 4152 BG:
993 4097 1142 4152 coralaid.
1196 4103 1227 4152 13
1245 4102 1333 4151 aorion
1350 4097 1409 4152 BG

199 4190 231 4238 14
248 4202 299 4236 non
316 4184 406 4252 suppl.
424 4183 525 4238 Uacaer
595 4189 627 4239 15
645 4188 760 4250 singulos
778 4202 868 4237 versus
886 4189 982 4248 (versos
999 4183 1034 4251 Β,
1048 4199 1095 4251 pr.
1117 4182 1151 4247 G)
1169 4187 1280 4236 tricenos
1296 4182 1368 4238 BG:
1386 4199 1454 4237 corr.

197 4268 270 4323 idem
324 4274 355 4322 16
373 4272 509 4322 imitabant
525 4268 583 4323 Be
636 4276 668 4323 19
686 4273 809 4322 Intolatus
826 4268 862 4334 B,
889 4273 1015 4322 incolatus
1036 4268 1107 4336 GM,
1126 4268 1161 4338 cf.
1178 4285 1203 4322 v.
1213 4270 1252 4322 32
1270 4272 1296 4323 et
1314 4267 1456 4322 Ulmrieiaa

195 4356 343 4424 p.127,12
359 4353 510 4409 Bibaculus
524 4349 644 4421 ‘duplici
662 4353 758 4422 inquit,
777 4361 837 4420 toga
853 4348 1001 4408 Involutus'
1054 4359 1155 4409 21-23
1173 4352 1404 4422 eademIald.18‚
1417 4354 1456 4407 46

258 4444 285 4491 Π
312 4439 477 4495 acedieibua
498 4438 570 4507 GM,
592 4439 648 4494 alai
666 4440 738 4508 quod
754 4439 774 4509 ἕ
788 4440 919 4495 9.10.12
937 4439 1035 4494 decant
1049 4439 1081 4493 ie
1098 4439 1134 4494 Μ
