3164 4800
218 277 259 336 58
647 280 693 328 DE
711 278 892 330 COMOEDIA
908 278 1049 330 GRAECA

212 451 328 524 Attica,
351 458 385 511 ut
399 450 440 510 ait
454 449 560 524 Varro,
583 450 692 511 circum
706 450 788 512 vicos
810 452 851 511 ire
873 450 962 511 solita
983 448 1081 510 fuerat
1101 456 1131 509 et
1152 457 1295 528 quaestus
1317 445 1363 506 sui
1384 463 1477 505 causa

211 551 268 614 hcc
296 573 392 633 genus
419 551 556 614 carminis
584 552 813 633 pronuntiabat3
846 561 899 614 aut
926 561 1003 614 certe
1029 571 1048 613 a
1075 549 1152 612 ludis
1176 547 1369 612 vicinalibus:
1402 557 1527 607 nam145

211 663 407 735 posteaquam
427 673 465 714 ex
486 654 564 733 agris
586 652 724 715 Athenas
746 656 971 736 commigratum
991 663 1037 716 est
1058 663 1088 715 et
1109 652 1140 713 hi
1161 651 1226 713 ludi
1246 649 1373 712 instituti
1394 656 1475 723 sunt,

211 757 289 819 sicut
309 757 423 818 Romae
450 754 650 836 compitalicii,
678 755 717 816 ad
745 756 915 818 cauendum
942 755 1102 839 prodibant
1127 764 1157 816 et
1178 754 1217 816 ab
1239 753 1356 816 urbana
1383 747 1475 831 κώμῃ

210 864 264 922 καὶ
287 856 354 943 ᾠδῇ
375 857 525 919 comoedia
545 857 626 919 dicta
647 867 706 933 est;
735 857 784 921 vel
806 859 888 939 quod
909 860 941 920 in
962 880 997 920 ea
1014 857 1181 922 viculorum
1201 857 1232 918 id
1253 865 1298 917 est
1318 853 1475 916 humilium

209 959 351 1021 domuum
366 958 505 1021 fortunae
519 959 815 1041 comprehendantur,
838 982 901 1023 non
916 972 951 1022 ut
964 963 996 1022 in
1010 959 1161 1039 tragoedia
1175 957 1362 1039 publicarum
1383 956 1476 1036 regia·

210 1083 350 1142 rumque;
372 1061 423 1124 vel
443 1059 508 1126 ‹ini›
531 1070 593 1126 τοῦ
607 1058 732 1140 κώμου,
755 1062 785 1124 id
807 1073 852 1125 est
874 1064 1071 1136 comisatione,
1093 1062 1164 1141 quia
1185 1059 1256 1122 olim
1277 1061 1309 1121 in
1330 1057 1474 1121 eiusmodi
1485 1067 1527 1116 150

171 1163 325 1228 3fabulis
347 1165 511 1224 amantium
532 1163 674 1226 iuvenum
704 1173 809 1242 κῶμοι
831 1165 1026 1228 canebantur.
1112 1162 1263 1225 comoedia
1284 1182 1303 1224 a
1323 1159 1477 1242 tragoedia

210 1264 315 1336 differt,
338 1264 419 1345 quod
441 1268 473 1327 in
494 1265 646 1345 tragoedia
666 1266 899 1329 introducuntur
918 1266 1022 1328 heroes
1044 1266 1135 1328 duces
1157 1286 1248 1345 reges,
1270 1265 1302 1324 in
1323 1261 1476 1325 comoedia

209 1366 336 1428 humiles
364 1377 454 1448 atque
482 1368 614 1448 privatae
639 1368 828 1451 (personae),
855 1371 889 1430 in
910 1369 963 1431 illa
984 1368 1084 1430 luctus
1106 1366 1194 1429 exilia
1215 1366 1333 1436 caedes,
1364 1365 1396 1425 in
1418 1363 1475 1425 hac

210 1489 333 1542 amores,
355 1471 504 1549 virginum
524 1479 644 1549 raptus;
665 1469 772 1531 deinde
794 1471 875 1551 quod
896 1471 930 1531 in
945 1469 999 1532 illa
1013 1470 1183 1551 frequenter
1203 1479 1233 1531 et
1248 1488 1344 1551 paene
1358 1487 1475 1547 semper

210 1572 294 1632 laetis
315 1571 403 1632 rebus
424 1572 521 1632 exitus
542 1573 640 1633 tristes
655 1572 678 1650 †
692 1581 722 1633 et
735 1572 897 1634 liberorum
918 1571 1165 1652 fortunarumque
1185 1572 1318 1652 priorum
1339 1570 1370 1629 in
1386 1569 1471 1649 peius
1483 1576 1527 1626 155

209 1674 341 1754 adgnitio
355 1674 386 1752 †.
423 1693 515 1752 quare
529 1674 612 1735 varia
632 1673 803 1736 definitione
825 1675 967 1737 discretae
990 1673 1083 1755 [sunt]
1105 1675 1199 1736 altera
1221 1669 1321 1758 [enim]
1345 1669 1474 1735 ἀκίνδυ-

209 1799 266 1852 νος
289 1772 438 1856 περιοχή,
471 1774 565 1836 altera
598 1773 694 1857 τύχης
727 1783 909 1858 περίστασις
941 1777 1037 1839 dictae
1069 1785 1148 1838 sunt.
1192 1776 1311 1837 tristitia
1342 1793 1473 1851 namque

207 1877 375 1960 tragoediae
397 1878 563 1959 proprium;
591 1877 715 1958 ideoque
736 1877 894 1960 Euripides
915 1888 1034 1956 petente
1055 1876 1206 1940 Archelao
1228 1898 1303 1958 rege,
1326 1885 1360 1937 ut
1381 1874 1419 1936 de
1441 1895 1473 1936 se

210 1980 392 2062 tragoediam
415 1978 570 2053 scriberet,
598 1978 705 2041 abnuit
731 2000 767 2041 ac
789 1992 926 2062 precatus
948 1989 994 2041 est
1021 2001 1061 2041 ne
1082 1979 1225 2041 accideret
1246 1977 1397 2040 Archelao
1420 1977 1473 2038 ali-

208 2082 279 2164 quid
301 2081 473 2162 tragoediae,
496 2080 656 2144 csteudens
678 2081 754 2142 nihil
775 2081 857 2144 aliud
886 2103 950 2145 esse
971 2083 1150 2164 tragoediam
1173 2102 1263 2162 quam
1284 2082 1467 2143 miseriarum
1479 2089 1526 2140 166
1550 2073 1557 2090 ⁶

166 2189 186 2246 4
208 2185 508 2268 comprehensionem.
609 2193 713 2264 poetae
734 2185 820 2264 primi
848 2186 950 2247 comici
970 2185 1093 2246 fuerunt
1113 2185 1272 2258 Susarion,
1301 2182 1419 2246 Mullus
1441 2191 1471 2243 et

207 2288 344 2366 Magnes.
387 2286 418 2346 hi
439 2285 546 2347 veteris
567 2284 740 2367 disciplinae
761 2287 902 2349 iocularia
923 2287 1067 2368 quaedam
1088 2288 1187 2348 minus
1209 2287 1281 2348 scite
1295 2306 1330 2348 ao
1344 2293 1472 2349 venuste

208 2387 453 2470 pronuntiabant,
475 2387 507 2446 in
529 2386 637 2467 quibus
659 2386 691 2447 hi
711 2409 816 2450 versus
838 2388 974 2450 fuerunt:
1007 2395 1203 2470 Σουσαρίων
1225 2395 1320 2453 ταυτὶ
1341 2391 1438 2467 λέγει·
1463 2383 1467 2468 l

208 2487 311 2554 κακὸν
332 2502 498 2570 γυναῖκες·
520 2487 593 2552 ἀλλ’
608 2486 706 2568 ὅμως,
730 2485 916 2572 ὦδημόται,
939 2489 1000 2556 οὐκ
1023 2492 1109 2556 ἔστιν
1132 2489 1237 2572 εὑρεῖν
1260 2495 1367 2554 οἰκίαν
1388 2481 1468 2554 ἄνευ
1495 2500 1571 2555 11189

208 2600 320 2657 κακοῦ.
367 2590 498 2652 secunda
524 2601 620 2653 aetate
641 2590 764 2653 fuerunt
784 2591 1011 2675 Aristophanes,
1040 2593 1166 2674 Eupolis
1188 2601 1218 2653 et
1238 2592 1388 2665 Cratinus,
1417 2591 1469 2672 qui
1481 2599 1524 2649 165

207 2703 237 2755 et
263 2694 432 2775 principum
459 2694 531 2756 vitia
559 2696 660 2756 sectati
689 2695 891 2757 acerbissimas
917 2695 1081 2757 comoedias
1103 2704 1342 2776 composuerunt
1386 2694 1473 2754 tertia

207 2805 288 2856 aetas
310 2796 368 2857 11111
389 2795 565 2870 Menandri,
593 2795 710 2877 Diphili
732 2807 761 2858 et
782 2796 973 2871 Philemonis,
1001 2799 1054 2878 qui
1074 2817 1193 2858 omnem
1214 2797 1401 2859 acerbitatem
1423 2816 1472 2857 co·

207 2897 338 2958 moediae
358 2897 568 2977 mitigaverunt
595 2907 683 2978 atque
705 2909 880 2978 argumenta
901 2899 1076 2981 multiplicia
1096 2899 1187 2979 gratis
1209 2901 1355 2962 erroribus
1378 2900 1471 2961 secuti

166 3005 184 3062 5
209 3009 288 3062 sunt.
374 2998 413 3060 ab
442 2998 487 3060 his
514 3000 643 3062 Romani
671 2999 791 3062 fabulas
818 3001 1050 3074 transtulerunt,
1084 3010 1113 3062 et
1140 3012 1258 3064 constat
1291 3001 1372 3083 apud
1400 3001 1470 3064 illos

166 3108 184 3166 6
207 3101 335 3182 primum
349 3100 442 3162 latino
463 3121 596 3161 sermone
616 3101 796 3163 comoediam
810 3103 931 3165 Livium
944 3102 1153 3165 Andronicum
1173 3105 1331 3185 scripsisse.
1396 3115 1468 3165 sunt
1480 3112 1521 3162 176

208 3203 259 3283 qui
281 3201 376 3264 velint
390 3201 603 3283 Epicharmum
621 3204 652 3262 in
667 3203 710 3265 Co
732 3205 833 3266 insula
854 3205 1023 3266 exulantem
1045 3206 1172 3286 primum
1193 3206 1250 3268 hoc
1271 3227 1390 3268 carmen
1413 3206 1470 3267 fre·

295 3513 344 3560 144
362 3510 442 3559 fuerit
458 3505 522 3560 AM
580 3513 629 3562 146
647 3510 701 3559 ledi
718 3503 781 3560 AM
831 3511 879 3560 147
898 3510 1054 3574 compitalici
1125 3515 1181 3564 147.
1192 3514 1224 3563 48
1243 3513 1338 3562 comice
1357 3513 1408 3575 (ae
1419 3508 1466 3576 Μ)

207 3595 270 3644 odae
324 3597 372 3646 148
391 3595 434 3644 uel
452 3596 523 3657 quod
541 3596 568 3644 in
587 3610 617 3644 ea
633 3591 674 3645 B:
699 3595 759 3644 uela
777 3610 840 3644 enea
856 3591 920 3645 AM
970 3598 1019 3647 150
1037 3596 1120 3645 comin
1138 3592 1175 3646 M
1224 3596 1415 3647 comisationem
1432 3593 1467 3659 A,

207 3681 403 3729 comeeationem
420 3676 454 3744 B,
480 3680 698 3730 commirationem
715 3676 749 3730 M
800 3681 847 3743 qui
864 3677 927 3732 AM
994 3683 1041 3732 151
1061 3695 1147 3730 comae
1164 3676 1193 3730 B
1246 3683 1296 3733 153
1313 3679 1349 3747 cf.
1367 3695 1388 3732 c.
1401 3678 1468 3734 X4

209 3767 257 3816 155
275 3765 406 3814 iberorum
423 3761 485 3827 AB,
504 3765 653 3815 hiberorum
670 3761 705 3815 M
773 3766 846 3828 prior
915 3763 984 3817 talia
1001 3763 1129 3831 sumunt:
1146 3766 1233 3815 tristes
1251 3767 1467 3830 fortunarumque

206 3851 323 3913 priorum
345 3850 373 3898 in
391 3849 465 3914 peius
483 3850 666 3910 <commutatio
684 3851 837 3912 succedunt,
860 3851 888 3899 in
905 3851 954 3900 hac
971 3851 1089 3901 tristibus
1111 3851 1188 3900 rebus
1205 3852 1291 3902 exitus
1312 3853 1375 3902 laeti
1393 3853 1467 3903 velut

206 3935 328 3998 nuptiae>
347 3939 373 3983 et
390 3934 532 3983 liberorum
549 3935 663 3998 adgnitio
759 3938 809 3987 156
831 3939 916 3986 uariat
933 3933 972 3998 A,
999 3941 1089 3985 uareat
1106 3931 1171 3986 ΒΜ
1254 3936 1397 3988 difinitione

207 4022 256 4071 157
274 4019 344 4068 dicta
361 4023 437 4080 estg
507 4021 556 4070 158
574 4018 632 4069 ideo
649 4020 719 4083 quod
790 4023 838 4072 159
857 4021 976 4071 seriberit
1036 4021 1131 4070 abnuet
1148 4017 1211 4072 AM
1265 4017 1404 4071 accederet

207 4107 256 4156 160
274 4104 419 4167 tragoediae
437 4105 585 4166 ostendens,
610 4102 644 4170 cf.
669 4102 768 4157 Vseacr
785 4103 883 4173 (supra
900 4103 938 4157 ad
955 4120 979 4157 v.
997 4105 1047 4173 27)
1061 4121 1091 4171 p.
1113 4096 1228 4172 620qu
1301 4108 1350 4157 162
1368 4107 1465 4157 iocula-

204 4191 257 4239 tria
273 4185 336 4250 AB,
362 4189 531 4238 ioeuleeutra
549 4184 595 4252 M,
622 4191 812 4253 ioculatoriag
905 4193 953 4242 163
971 4191 1155 4256 pronuntiabat
1173 4187 1236 4242 AM
1322 4197 1396 4243 tauta

206 4277 256 4325 164
273 4289 385 4337 gynecec
398 4275 459 4337 (cet
471 4269 515 4337 M,
537 4288 591 4322 cae
603 4271 640 4338 Β)
659 4276 784 4326 allumosc
799 4277 863 4338 (alu
876 4272 924 4339 M)
943 4277 1059 4326 edemote
1076 4278 1156 4326 ucest'
1230 4279 1278 4329 165
1297 4280 1412 4329 cratinus
1431 4283 1451 4344 ς
1457 4296 1463 4330 :

204 4360 303 4409 oratius
374 4360 422 4411 166
440 4357 618 4408 aceruissimae
689 4363 737 4413 167
755 4353 843 4411 dilhili
859 4358 895 4423 B,
918 4360 985 4424 phili
1002 4357 1043 4423 M,
1061 4362 1100 4412 fili
1115 4359 1142 4412 A
1193 4363 1359 4413 aceruitatem
1413 4366 1463 4417 166

203 4445 302 4508 graecis
373 4446 422 4497 176
439 4443 524 4509 primo
581 4444 695 4494 liboeum
766 4448 813 4497 171
833 4446 860 4494 in
878 4461 938 4495 cum
955 4444 1055 4496 insulae
1073 4443 1118 4509 M,
1142 4448 1170 4496 in
1188 4448 1281 4498 choum
1298 4449 1382 4498 insule
1400 4445 1430 4500 Β
