3164 4800
517 1027 820 1138 nulxapuor
856 1074 1092 1141 uramara
1164 1122 1183 1178 .·

438 1365 440 1370 Ι
555 1286 821 1346 ΑΓΡΩΣΤΙΝΟΣ
841 1288 881 1363 ip.
897 1285 959 1346 219
981 1283 1054 1362 Lor)

263 1391 297 1447 do
314 1393 434 1449 nominis
450 1392 541 1449 ionna
557 1411 585 1449 v.
603 1395 640 1449 ad
657 1395 812 1464 Epicharmi
830 1393 930 1470 Λόγος
946 1402 995 1455 καὶ
1007 1401 1134 1472 Λογλνα.

264 1680 384 1738 Soranus
401 1682 445 1738 Et.
464 1700 526 1753 gen.
545 1701 566 1739 a.
584 1687 735 1757 κολαφλζιο
753 1686 807 1752 (Et.
825 1685 861 1739 Μ.
880 1691 938 1751 525,
951 1690 976 1752 8)
999 1728 1005 1742 .
1025 1728 1032 1742 .
1056 1687 1091 1746 τὸ
1114 1689 1144 1747 δὲ
1162 1683 1257 1757 ὄνομα
1271 1681 1434 1760 Ἑλληνικὸν

178 1761 257 1836 παρὰ
275 1760 460 1839 Ἑπιχάρμωι·

914 1840 958 1919 ὡς
980 1843 1077 1925 ταχύς

485 1940 639 2023 Κόλαοος
662 1958 830 2025 περιπατεῖ
850 1948 946 2022 arvos.

179 2053 298 2126 Hesyoh.
310 2055 454 2127 κόλαφος·
472 2055 620 2124 κόνδυλος.
638 2059 722 2133 ’παρὰ
740 2059 770 2117 δὲ
785 2055 961 2130 Ἐπιχύρμαιι
977 2056 1008 2115 ἐν
1020 2053 1208 2132 Ἀγρωστίνιοι
1225 2051 1276 2114 καῖ
1290 2060 1435 2130 παιδοτρί-

179 2142 236 2207 βου
247 2140 381 2212 (τρίβαις
398 2141 461 2206 aod)
480 2136 582 2210 ὄνομα.
616 2143 767 2200 Pausanias
785 2160 828 2213 ap.
845 2137 924 2199 Euat.
944 2147 1018 2210 1871,
1037 2149 1078 2198 53.
1113 2144 1188 2200 Suid.
1207 2161 1229 2199 s.
1245 2139 1391 2209 κόνδυλος.

266 2228 278 2278 1
298 2219 381 2297 ταχύς
399 2228 504 2282 correxi
529 2256 532 2263 ·
575 2225 714 2296 ἳδεινόςε
737 2246 805 2285 oorr.
823 2228 985 2284 Meinekius.

753 2405 756 2410 ’
800 2406 819 2465 2

265 2514 369 2571 Athen.
386 2515 441 2571 XV
458 2519 533 2572 682a
556 2520 616 2574 τῶν
633 2518 663 2576 δὲ
679 2521 868 2590 καλχῶν..
887 2512 1103 2600 μνημονεύει.
1120 2509 1156 2574 Ἐ.
1172 2478 1229 2574 ἐν’
1225 2519 1375 2590 Αγρονστεί
1375 2538 1435 2574 νιοι.

179 2598 298 2671 Hesyoh.
316 2617 338 2655 a.
355 2595 454 2672 κύλχη.

794 2729 813 2787 3

264 2838 369 2894 Athen.
388 2840 430 2894 ΠΙ
449 2844 523 2896 1200
544 2837 579 2897 τὸ
604 2842 757 2910 σίσαρον
778 2835 966 2909 καλούμενοι,
991 2829 1025 2897 οὗ
1042 2835 1213 2912 μνημονεύει
1236 2833 1271 2914 'li
1289 2833 1344 2897 ἐν’
1340 2845 1437 2912 Αγριο

180 2926 293 2990 στλνωι,
314 2921 347 2980 ἐν
372 2928 425 2996 Γῆι
448 2929 497 2981 καὶ
522 2921 668 2997 θαλύσσηι
685 2925 727 2992 (ir.
745 2929 797 2991 λλ),
822 2928 871 2981 καὶ
895 2928 1017 2996 Διοκλῆς
1038 2921 1120 2981 ἐν’
1093 2946 1111 2982 α
1138 2911 1290 2996 Υγιεινῶν,
1312 2925 1383 2979 inter
1404 2941 1438 2979 ea

180 3010 254 3066 olera
272 3025 342 3080 quae
360 3004 412 3076 τὰς
430 3007 571 3084 ἐκκρίσεις
588 3012 730 3068 ποιοῦντα
749 3004 882 3076 εὐλύτους
899 3002 1066 3082 εὐστόμαχα
1083 3011 1267 3082 καθέστηκεν.

564 3224 821 3284 narroanrn
841 3221 882 3298 (p.
897 3180 959 3279 aaa
981 3217 1054 3293 nor)

258 3330 303 3385 De
315 3330 462 3403 Alcyoneo
480 3349 508 3386 v.
522 3331 651 3388 CRobert
667 3332 785 3387 Hermae
799 3336 839 3398 19,
851 3337 911 3387 473.
939 3331 1109 3387 Corinthiam
1126 3331 1248 3386 fabulam
1261 3329 1438 3402 Syracusanis

178 3412 339 3470 familiarem
356 3415 443 3471 fuisse
460 3423 674 3472 eonsentaneum
692 3423 741 3471 eat„
777 3416 886 3472 addidit
902 3416 1094 3486 Epicharmus,
1118 3423 1148 3470 ut
1165 3416 1284 3480 ridetur,
1306 3415 1438 3469 Diomum

179 3499 326 3571 Aioyoneo
344 3501 551 3567 armentarium,
569 3501 610 3557 oi·
621 3501 655 3555 fr.
666 3505 691 3555 4.
718 3517 775 3556 non
792 3509 865 3557 reete
882 3500 1021 3556 Dieterich
1039 3500 1189 3556 Puloinella
1205 3516 1232 3568 p.
1246 3504 1293 3554 122
1307 3500 1370 3554 adn.

725 3678 914 3737 *4-

266 3789 371 3844 Athen.
383 3790 451 3845 XIV
463 3790 562 3846 619ab
581 3792 719 3859 Δίομος
737 3782 765 3845 d‘
783 3780 819 3862 ἦν
829 3785 976 3862 βουκόλος
988 3783 1168 3859 Σικελιώτης,
1188 3782 1203 3845 ὃ
1218 3790 1335 3859 πρῶτος
1346 3779 1440 3860 εύρὼν

180 3869 465 4024 ἔέᾱεῖἰὲξῐ(ἰὸίὶηῐῧν
480 3872 717 3948 βοοκολιασμόν).
752 3870 921 3947 μνημονεύει
945 3866 972 3930 d'
991 3867 1081 3931 αύτοῦ
1102 3867 1139 3929 Ἔ.
1162 3870 1194 3930 ἐν
1207 3866 1353 3930 Ἂλκνονεῖ
1370 3866 1439 3937 (-ύνι

721 4080 902 4159 auam
995 4113 998 4121 ·

261 4199 395 4270 Apollon.
408 4198 443 4254 de
454 4215 533 4269 pron.
544 4215 572 4269 p.
585 4198 644 4254 Sub
662 4193 807 4270 σίγκριαλν
819 4197 913 4253 τεκαὶ
924 4214 1102 4289 παραγωγην
1113 4189 1265 4264 ἀνεδέξατο
1278 4199 1441 4298 (pronomen

183 4276 289 4350 ariarici,
306 4275 347 4347 ὡς
363 4278 417 4339 ἐν
415 4288 555 4342 Αλκνονεῖ
571 4288 697 4350 (αλκοονι
714 4282 776 4348 eod)
794 4274 858 4338 'nal
856 4299 970 4353 χαρμος
1052 4280 1057 4294 “
1081 4298 1084 4303 ·
