3164 4800
183 477 206 530 V.

202 289 265 348 204
580 289 815 346 GLOSSARIVM
832 289 1075 346 ITAIIOTIOVM

288 466 319 515 56
346 460 465 533 Hesyeh.
484 452 652 527 άλανὲως·
672 453 844 532 ὁλοσχερῶς.
872 465 1053 533 Ταραντῖνοι.
1076 458 1111 514 ef.
1123 458 1196 513 idem
1209 451 1345 531 άλλανὴς·
1363 451 1464 531 άσφα·

200 543 256 619 λη’ς.
292 538 432 611 Λάκωνες
453 552 482 600 et
504 540 618 611 άλανές·
649 538 754 618 άληθές
777 538 964 616 (άσφαλέςί).
998 538 1148 611 άῐλανέως
1172 550 1215 600 est
1236 544 1267 598 in
1287 544 1371 600 titulo
1388 545 1465 600 Eleo

200 631 271 687 IGA
291 636 361 687 113ο
377 648 405 701 p.
417 635 473 697 118,
491 632 609 686 ineertae
626 647 695 687 vero
713 630 933 701 significationis.

288 808 318 857 57
346 803 466 875 Hesyeh.
483 799 666 876 άλιακτὴρ·
694 801 788 869 τόπος
808 799 840 858 ἐν
860 791 895 859 ὧι
913 795 1102 873 ἀθροίζονται
1121 799 1149 858 oi
1167 803 1293 858 Σικελοί.
1327 795 1465 859 άλιαίαν·

160 860 173 886 „.
201 887 362 961 ἐκκλησίαν.
403 893 583 962 Ταραντῖνοι.
618 889 748 958 seriptum
771 887 836 943 olim
862 886 948 942 fuisse
970 886 1082 941 videtur
1103 887 1182 941 velut
1207 885 1236 944 οί
1261 886 1318 960 γάρ
1342 890 1466 945 Σικελοί

201 975 228 1038 (i.
241 992 264 1030 e.
282 975 417 1040 Italiotae)
445 970 531 1031 άλίαν
553 969 606 1044 τὴν
626 971 788 1045 ἐκκλησίαν.
819 967 970 1045 Ἂλιακτήρ
996 978 1087 1026 autem
1113 987 1171 1026 non
1196 978 1253 1026 tam
1278 972 1331 1028 loci
1357 990 1466 1030 nomen

204 1075 285 1128 quam
303 1060 475 1116 simulacrum
497 1060 618 1115 numinis
638 1059 760 1128 positum
783 1058 813 1112 in
829 1056 901 1123 foro,
923 1073 980 1112 non
997 1057 1075 1112 Iovis
1092 1057 1260 1112 Liberatoris
1277 1057 1372 1124 (schol.
1390 1059 1466 1114 Plat

201 1144 285 1215 Eryx.
302 1162 329 1214 p.
347 1149 427 1210 392a)
451 1145 513 1200 dieo
536 1151 653 1199 statuam
676 1143 835 1208 maximam,
859 1143 975 1214 Lysippi
993 1158 1063 1211 opus
1081 1142 1179 1207 (Strab.
1197 1142 1237 1197 VI
1253 1159 1281 1211 p.
1293 1146 1354 1197 218.
1388 1143 1466 1198 Plin.

201 1229 325 1284 XXXIV
342 1235 395 1296 461,
413 1231 462 1285 sed
477 1230 569 1284 herois
582 1228 727 1284 tundam
746 1244 828 1298 quem
845 1227 965 1297 populus
978 1219 1147 1298 Ἂλιακτῆρα
1164 1228 1374 1296 nuncupaverit

288 1403 319 1453 58
346 1399 465 1471 Hesyeh.
488 1394 628 1468 άματίς·
656 1388 741 1466 άπαξ.
779 1402 960 1471 Ταραντῖνοι.
999 1397 1050 1451 vix
1075 1403 1147 1452 reete
1173 1388 1279 1467 άμάκις
1304 1398 1466 1468 corrigebat

201 1484 321 1550 Abrens‚
340 1485 416 1555 quod
434 1491 476 1539 est
494 1485 639 1540 Creticum.
675 1483 763 1538 simile
780 1483 897 1538 fortasse
916 1473 1001 1549 αὖτις.
1075 1475 1104 1554 J
1109 1534 1124 1608 3
1161 1481 1200 1577 {m
1215 1495 1259 1565 s)

288 1659 320 1708 59
346 1655 465 1726 Hesyeh.
488 1649 644 1725 άμήκωα·
671 1652 756 1711 δεινά.
795 1656 974 1723 Ταραντῖνοι.
1009 1651 1111 1707 frustra
1133 1651 1283 1721 Sopingius
1305 1651 1467 1721 corrigebat

202 1734 326 1812 άνήκοα,
344 1741 421 1810 quod
438 1733 552 1796 aiveinon
570 1755 630 1794 esse
649 1739 776 1794 debebat.
811 1754 855 1793 res
871 1738 981 1792 ineerta.
1088 1722 1159 1831 ,law
1184 1732 1298 1819 3424st
1323 1738 1342 1813 7

288 1917 320 1965 66
346 1910 465 1983 Hesyeh.
483 1903 683 1977 άμικόνιστος·
702 1905 799 1980 άρτος.
832 1911 1013 1977 Ταραντῖνοι.
1047 1906 1120 1961 idem
1133 1899 1379 1976 άμμισκάμιστον·
1398 1927 1466 1980 συγ-

201 1990 343 2064 κομιστὸν
360 1993 459 2072 άρτον,Ι
494 1995 642 2064 utrubique
659 1991 777 2049 fortasse
795 1992 968 2047 scribendum
986 1987 1095 2060 άμμιξ
1115 1992 1142 2058 (i.
1161 2008 1184 2047 ο.
1203 1986 1307 2062 άνάμιξ
1322 2009 1375 2062 pre
1393 1985 1466 2050 άνα·

202 2077 296 2152 μιγῆς,
313 2084 353 2134 uti
372 2077 459 2152 εὔπηξ
474 2096 525 2148 pro
544 2074 681 2150 εὐπαγὴς,
700 2077 817 2134 GHerm.
836 2077 872 2132 ad
889 2077 955 2131 Eur.
973 2075 1016 2131 Or.
1037 2080 1126 2142 1428)·
1150 2073 1342 2150 σογκάμιστος
1361 2074 1462 2151 άρτος.

201 2164 255 2220 hoe
272 2166 345 2219 enim
362 2165 443 2234 panis
460 2180 548 2235 genus
560 2163 681 2220 Galenus
698 2163 782 2233 gloss.
795 2162 879 2232 Hipp.
897 2163 937 2218 ita
953 2162 1069 2231 exponit
1085 2155 1153 2229 τοὺς
1168 2157 1314 2235 ῥυπαροὺς
1326 2158 1464 2232 ίάρτους),

203 2247 246 2308 διὰ
265 2246 300 2308 τὸ
320 2251 416 2307 πάντα
435 2241 494 2318 άμα
513 2247 549 2306 τά
568 2247 674 2321 άλευρα
694 2249 920 2320 συγκομίζεσθαι
938 2252 987 2304 καί
1004 2247 1042 2319 μὴ
1056 2249 1271 2321 διακρίνεσθαι,
1293 2246 1388 2302 mixtis
1406 2247 1464 2303 fur·

201 2334 309 2391 furibus
327 2343 355 2391 et
371 2335 468 2402 farina,
485 2336 566 2405 panis
583 2333 728 2389 furfureus.

289 2510 320 2560 61
349 2505 467 2577 Hesyeh.
486 2497 689 2574 άμπίθυρον
706 2511 819 2575 (ουρον
836 2503 901 2558 eod:
920 2519 988 2558 corr.
1006 2504 1042 2558 Is.
1054 2503 1193 2568 Vossiusi·
1211 2507 1327 2560 πυλῶνα
1349 2507 1463 2576 Ταραν-

203 2599 285 2648 τῖνοι.
319 2609 348 2645 v.
372 2591 408 2645 ad
430 2591 554 2662 Syracus.
577 2590 661 2660 gloss.
684 2594 713 2654 3,
739 2589 769 2643 in
794 2588 888 2644 latinis
912 2589 1000 2644 titulis
1026 2588 1239 2658 ampitheatrum
1265 2589 1401 2656 scribitur,
1429 2591 1464 2645 ef.

204 2675 355 2732 WSehulze
372 2677 401 2730 in
420 2675 524 2730 Kuhnii
542 2675 619 2730 Ann.
637 2674 748 2729 XXXII
766 2677 824 2728 388.

292 2849 323 2899 62
351 2845 470 2918 Hesyeh.
489 2839 645 2913 άμάσας’
672 2842 827 2915 κρεμάσας.
866 2848 1046 2914 Ταραντῖνοι.
1116 2838 1267 2913 άνεμώσας
1283 2845 1466 2915 intellegebat

205 2930 334 2985 Immisch
355 2931 373 2984 l.
391 2947 412 2986 s.
436 2948 463 3000 p.
482 2935 531 2985 216
554 2929 598 2996 (af.
621 2928 740 3001 Hesych.
765 2922 894 2998 άμῶνας·
922 2925 974 2995 τὰς
997 2922 1154 2997 άνεμάνας.
1189 2929 1325 2997 Αἰολεῖς),
1350 2931 1402 2986 sed
1429 2931 1464 2986 el.

206 3015 325 3087 Hesyeh.
348 3011 487 3085 άμμάξαι·
516 3014 656 3087 αἰωρησαι
681 3018 730 3071 καί
754 3010 906 3085 κρεμάσαι.
940 3014 1029 3070 fuitne
1056 3010 1191 3088 άμβαῖσαι
1217 3021 1245 3071 et
1271 3009 1400 3089 άμβάξαι
1428 3017 1464 3072 ab

206 3097 284 3174 άμβη
302 3097 404 3175 άμβων
420 3099 581 3156 vocabulis?

293 3276 325 3325 63
352 3272 470 3343 Hesyeh.
490 3265 508 3328 ά
516 3274 624 3328 ναλεῑ·
644 3265 786 3341 σχολάζει.
825 3272 1004 3342 Ταραντῖνοι.
1039 3270 1143 3326 ineerta
1159 3287 1211 3338 res,
1228 3289 1255 3326 v.
1274 3272 1310 3326 ad
1328 3273 1365 3342 gl.
1378 3277 1421 3327 51.

293 3446 325 3495 64
351 3441 470 3514 Hesyeb
489 3433 610 3512 άναρός·
635 3435 763 3511 άγγελος.
792 3442 972 3512 Ταραντῖνοι.
1007 3439 1062 3495 fuit
1078 3437 1241 3515 άγγαρος.
1270 3441 1304 3498 ef.
1322 3443 1376 3498 lex.
1395 3443 1465 3500 rhet.

207 3541 234 3593 p.
247 3529 306 3591 212,
319 3531 334 3579 3
347 3526 435 3580 Bekk.
465 3526 509 3580 Et.
522 3524 558 3578 M.
571 3530 596 3590 1,
608 3529 641 3579 26
654 3532 682 3580 et
694 3529 719 3592 6,
731 3530 773 3591 44,
790 3524 839 3580 ubi
858 3522 886 3580 oi
903 3517 931 3581 δ’
950 3517 1031 3581 αὐτοί
1048 3530 1098 3582 καί
1115 3519 1260 3584 άστάνδαι.
1295 3526 1360 3582 hine
1377 3529 1466 3598 expli-

208 3610 295 3664 canda
312 3611 405 3679 glossa
422 3609 541 3682 Hesyeh.
559 3602 710 3682 ἀστάνδης·
729 3603 937 3683 ἡμεροδρόμος.
965 3605 983 3682 ἢ
1000 3607 1124 3682 άγγελον
1144 3616 1324 3685 Ταραντῖνοι.

294 3803 326 3851 65
353 3797 471 3870 Hesyeh.
495 3791 646 3871 άνασοβεῑ·
675 3789 811 3854 άνακινεῑ.
852 3801 1030 3872 Ταραντῖνοι.
1064 3800 1179 3869 vulgare
1196 3800 1312 3855 verbum
1330 3816 1346 3855 e
1362 3800 1467 3856 Taren-

207 3883 327 3937 tinorum
345 3900 397 3938 usu
415 3890 539 3938 notatum
562 3883 620 3937 iure
639 3881 800 3938 offendebat
816 3883 978 3938 Piersonum
995 3884 1079 3940 Moer.
1096 3901 1124 3954 p.
1137 3889 1200 3952 341,
1223 3885 1271 3956 qui
1292 3889 1468 3959 Ταραντῖνοι

208 3983 270 4023 voe.
283 3969 318 4022 ad
335 3969 524 4038 insequentem
542 3968 663 4037 glossam
680 3975 834 4037 corruptam
847 3960 977 4026 άνασεῖν·
996 3962 1194 4044 άναφὲρεσθαι
1210 3970 1351 4027 transferri
1365 3971 1468 4039 voluit,

209 4054 245 4108 ad
261 4054 469 4122 praecedentem
488 4046 704 4124 άνασκολάψας·
723 4049 874 4124 γυμνώσας
885 4054 1082 4112 Valckenarius
1099 4056 1213 4112 Tbeoer.
1231 4057 1327 4112 Adon.
1340 4073 1367 4126 p.
1381 4060 1432 4112 285
1441 4073 1467 4125 e,

210 4138 243 4193 cl.
261 4138 350 4194 Beklr.
368 4138 426 4192 An.
444 4142 530 4204 423,1
555 4131 769 4195 άπεσκόλυπτε·
794 4141 900 4208 κυρίως
922 4136 956 4198 τὸ
976 4141 1064 4213 δέρμα
1088 4137 1211 4216 άφήιρει.
1242 4140 1292 4215 ἤδη
1310 4143 1340 4199 δὲ
1360 4138 1466 4201 καὶτὸ

206 4219 337 4296 ἐγύμνου.
373 4239 417 4278 res
434 4223 544 4278 ineerta.

294 4399 327 4448 66
350 4392 469 4466 Hesyah.
490 4389 635 4450 άναυτα·
652 4385 836 4465 ἧπειρωτικά.
864 4400 1036 4471 Ταραντῖνοι
1049 4401 1224 4472 παραχρῆμα
1236 4398 1375 4472 λέγουσιν.
1398 4400 1468 4456 item

207 4476 341 4554 πάραυτα
359 4479 508 4535 dicebatur.
