3164 4800
678 300 872 358 cumcuma
890 301 1035 358 DORIGA

739 479 800 540 202
823 480 876 550 (96
891 476 965 553 Lor)

308 593 389 650 Phot.
399 594 474 650 Suid.
486 588 684 664 καρδιώττειν·
702 591 755 664 την
765 594 887 661 καρδίαν
898 585 1003 665 οἷλγεῖν.
1023 595 1192 649 Σικελιῶται
1206 585 1224 646 δ’
1236 585 1317 663 ἡμεῖς
1326 593 1487 664 βουλιμιᾶν.

225 677 442 755 Ἀπολλόδωρος
458 677 490 738 ἐν
508 676 536 744 ζ
554 681 621 751 περὶ
636 674 813 751 Ἐπιχάρμου
830 673 898 745 τοὺς
916 675 1091 743 Σικελιώτας
1108 680 1194 749 φησὶν
1211 672 1246 734 τὸ
1265 671 1319 734 τὸν
1337 672 1489 748 στόμαχον

228 762 431 823 ἐπιδάκνεσθαι
456 760 514 823 ὑπὸ
542 767 625 834 λιμοῦ
651 759 836 836 καρδιώττειν
861 763 961 836 λέγειν.
996 762 1031 818 cf.
1053 763 1123 819 Poll.
1147 763 1175 818 11
1196 767 1255 818 ata.
1290 762 1401 818 ridetur
1427 764 1488 834 ipsc

228 849 408 920 Epicharmus
425 851 527 908 dixisse
544 845 786 921 ancorarum.

739 1026 801 1086 aoe
824 1025 878 1099 (94
892 1024 965 1101 ιιι)

314 1138 395 1195 Phor.
415 1133 495 1212 α’γκί
501 1152 552 1196 αν·
572 1135 625 1197 τὸν
639 1135 780 1208 σταθμόν.
806 1135 943 1213 Σώφρων
953 1143 1002 1196 καὶ
1012 1135 1048 1197 ’E
1074 1137 1420 1206 AntiattBekk.110,22‚
1438 1139 1488 1195 ubi

177 1218 209 1300 s
228 1218 355 1298 οὖγκίαν.
391 1224 566 1280 v.adfr.9.
586 1228 626 1279 10.

739 1384 802 1445 204
824 1383 877 1459 (so
892 1383 966 1460 ιιι)

314 1497 396 1553 Phot.
408 1494 553 1571 ῥάφανον·
572 1494 623 1572 τὴν
635 1498 787 1573 ῥαφανῑοα.
817 1490 1002 1571 Ἐπίχαρμος.
1029 1498 1093 1554 fort
1111 1493 1229 1572 ῥώφαν
1246 1498 1434 1564 scribendum,
1451 1497 1487 1553 ci.

229 1582 348 1654 Hesych.
366 1581 515 1656 ῥαφανίς.
534 1623 541 1639 .
562 1580 684 1659 Τρύφων
706 1584 736 1642 δέ
757 1603 843 1657 φησιν
866 1580 945 1658 παρὰ
964 1587 1104 1656 Δωριεῦσι
1126 1579 1179 1651 τὰς
1199 1579 1303 1656 μικρὰς
1326 1582 1488 1655 ῥαφανῖδας

228 1668 377 1741 λέγεσθαι,
399 1663 451 1735 τὰς
468 1668 498 1726 δὲ
514 1665 641 1742 μεγάλας
658 1666 762 1743 ῥάφας.

729 1830 789 1890 205
813 1828 887 1905 (110
910 1827 982 1903 ιιι)

312 1940 394 1998 Phot.
413 1942 488 1999 snio.
511 1939 629 2017 ῥησός·
657 1938 762 2016 ἄρχός,
789 1937 822 2010 ὃς
844 1942 951 2016 αἱρέσει
975 1939 1010 2001 τὰ
1034 1943 1181 2015 θέσφατα,
1207 1939 1278 2016 παρ’
1300 1937 1487 2015 Ἐπιχώρμαιι

227 2023 292 2098 ἤτοι
315 2024 394 2099 παρὰ
419 2026 470 2102 τὴν
492 2026 575 2101 ῥῆσιν
598 2024 706 2104 εἴρηται
729 2024 747 2100 ἢ
769 2024 810 2095 ώς
830 2024 1030 2102 Ἀσκληπιάδης
1051 2026 1082 2086 ἐν
1100 2024 1126 2096 ς’
1148 2027 1408 2102 Τραγιοώονμὲναιν
1425 2023 1487 2102 ἄρι-

228 2131 300 2168 στον
326 2106 416 2171 αὐτὸν
441 2113 591 2186 γεγονέναι
618 2110 670 2187 τὴν
693 2109 832 2188 ἀλήθειαν
856 2115 957 2173 εἰπεῖν·
984 2110 1152 2186 ἐγένετοδὲ
1174 2118 1223 2171 καὶ
1244 2110 1352 2188 ἕτερος.
1386 2114 1487 2170 eodem

226 2205 338 2254 auctora
355 2197 474 2270 Hesych.
493 2199 595 2254 omissa
611 2199 767 2270 Epicharmi
788 2199 937 2265 mentione,
959 2199 1007 2255 ubi
1031 2198 1070 2254 sic
1092 2199 1223 2255 traditum
1246 2195 1431 2272 ῥησόσαρχος
1453 2193 1488 2266 ὃς

227 2281 286 2355 ῥέει
304 2304 329 2340 τ.
347 2288 374 2340 θ.
411 2284 485 2353 apud
503 2284 616 2340 Suidam
633 2286 673 2340 sic
695 2285 852 2361 ρησῖαρχος
874 2282 908 2351 ὃς
929 2283 1003 2354 ἐρέει
1025 2305 1050 2341 τ.
1070 2290 1098 2342 θ.
1134 2285 1316 2354 Asclepiades
1332 2283 1418 2340 Rhesi
1436 2300 1487 2339 no-

227 2385 290 2424 mon
308 2368 427 2437 explicat
443 2368 536 2435 (Rhea.
555 2373 604 2424 970
614 2376 685 2442 sqq),
707 2371 886 2442 Epicharmus
903 2386 972 2426 vero
990 2370 1101 2426 videtur
1118 2370 1253 2426 Italiotica
1275 2370 1394 2440 quadam
1411 2371 1487 2440 regis

226 2453 355 2509 vocabuli
377 2453 467 2509 forma
488 2473 554 2512 usus
576 2471 636 2512 esse
658 2457 703 2523 (de
725 2473 781 2527 quo
798 2472 861 2513 voc.
878 2473 906 2510 v.
925 2455 1100 2512 Kretschmer
1121 2456 1231 2512 Einloit.
1248 2456 1278 2510 in
1296 2455 1323 2510 d.
1341 2454 1439 2512 Gesch.
1458 2456 1486 2510 d.

225 2538 327 2609 griech.
347 2538 405 2609 Spr.
423 2555 450 2608 p.
470 2545 542 2608 126),
568 2543 608 2597 ita
625 2550 657 2597 ut
673 2558 766 2613 regom
784 2542 966 2598 sacrificulum
984 2541 1154 2612 significaret
1175 2535 1209 2609 ὃς
1226 2533 1341 2615 ἀναιρεῖ
1362 2535 1398 2600 τὰ
1416 2541 1485 2598 θέσ-

228 2646 315 2694 φατα.

737 2754 799 2816 ace
822 2755 875 2830 (aa
892 2752 964 2829 ιιι)

313 2865 394 2921 Phot.
413 2865 488 2920 suu
508 2868 717 2937 σικελίζειν·
736 2863 770 2925 τὸ
791 2861 981 2940 ώτηρεύεσθαι
998 2866 1048 2934 (sic
1065 2866 1147 2922 ctiam
1165 2863 1284 2936 Hesych.
1297 2882 1318 2920 s.
1331 2882 1360 2930 v,
1382 2858 1486 2936 αὐστη·

228 2942 365 3026 ρεύεσθαι
382 2952 458 3019 sud)
477 2945 550 3027 παρ’
569 2946 753 3026 Ἐπιχάρμωι.
784 2950 813 3011 οἳ
830 2953 860 3012 δὲ
878 2948 1096 3026 πονηρεύεσθαι.
1128 2950 1177 3006 sed
1194 2949 1394 3005 Achenlrac
1412 2969 1486 3007 σικε-

229 3040 315 3107 λίζειν
333 3037 367 3095 τὸ
388 3030 540 3112 ὀρχεῖσθαι
557 3033 636 3111 παρὰ
653 3047 717 3105 τοῖς
733 3042 875 3105 παλαιοῖς.
904 3055 940 3094 an
957 3038 1011 3093 fuit
1021 3035 1244 3111 (ἐγ>κιλικῖζειν·
1264 3031 1486 3108 πονηρεὺεοθαι,

226 3130 259 3178 ut
275 3123 361 3179 verba
384 3121 412 3181 οἳ
435 3123 464 3180 δὲ
487 3120 699 3196 πονηρεύεσθαι
721 3140 778 3179 non
796 3130 853 3179 tam
870 3123 956 3180 altera
977 3123 1033 3178 sint
1049 3120 1238 3191 interpretatio
1262 3136 1343 3190 quam
1364 3121 1486 3190 corrupti

226 3208 326 3278 prioris
342 3208 421 3264 verbi
439 3209 604 3265 emendatio.
639 3208 673 3264 cf.
691 3209 735 3264 Et.
752 3209 788 3262 M.
806 3213 865 3276 310,
878 3213 918 3263 54.
954 3206 1072 3280 Hesych.
1090 3204 1295 3279 ἐγκιλικῖζεται.

642 3387 702 3447 207
727 3378 816 3461 (161b
829 3382 905 3446 Ahr.
935 3386 975 3446 90
990 3383 1063 3461 Lor)

312 3499 394 3555 Phot.
412 3494 552 3570 σνκοὶρανα
571 3539 578 3553 .
597 3538 603 3554 .
622 3495 658 3557 τὰ
678 3499 707 3557 δὲ
724 3494 803 3573 μόρα
822 3493 937 3570 Δώριον
953 3501 1072 3567 μᾶλλον.
1106 3495 1284 3572 Ἐπίχαρμος

653 3617 768 3704 μόρων
791 3622 865 3685 νέον
887 3618 925 3685 τὸ
948 3618 1062 3700 φυτόν.

312 3755 346 3810 cf.
364 3754 468 3811 Athen.
486 3756 514 3810 Π
532 3759 563 3810 51
573 3754 601 3810 b.
671 3747 705 3810 τὸ
725 3762 792 3846 φῖτυ
808 3754 916 3825 Bergk,
933 3753 994 3810 coll.
1012 3753 1131 3826 Hesych.
1150 3771 1171 3809 s.
1184 3773 1211 3808 r.

727 3930 789 3991 coa
814 3930 888 4006 μοι
910 3929 983 4006 ιιι)

289 4113 291 4118 A
312 4043 392 4101 Phot.
411 4050 601 4114 σννθυμεῖν
618 4050 726 4116 (uapor
738 4045 813 4110 cod)·
840 4047 1059 4114 σνμτιείθεσθαι.
1086 4035 1178 4109 οὕτως
1195 4038 1234 4102 'a
1267 4043 1302 4100 ci.
1320 4043 1438 4116 Hesych.

729 4222 791 4283 209
815 4220 889 4296 (129
904 4220 977 4298 Lor)

310 4335 412 4407 Phryn.
435 4340 471 4405 (p.
491 4339 539 4390 108
551 4336 584 4401 L)
607 4352 622 4392 c
644 4336 705 4392 cod.
722 4335 906 4393 Laurentiano
928 4335 1003 4404 apud
1024 4334 1216 4391 RSohoellium
1238 4335 1303 4389 Act
1321 4333 1386 4388 min.
1404 4333 1481 4390 acad.

225 4421 331 4477 Monac.
346 4421 513 4476 189311510
531 4425 736 4494 γενηθῆναι·
762 4416 826 4480 ἀντὶ
844 4425 897 4479 τοῦ
913 4421 1049 4494 γενέσθαι
1067 4412 1136 4492 παρ’
1155 4413 1338 4493 Ἑπιχοξρμωι,
1355 4423 1404 4477 καὶ
1420 4417 1482 4478 ἐστὶ

225 4503 352 4582 Δώριον·
371 4500 433 4565 ἀλλ’
447 4500 462 4564 ὃ
476 4500 630 4575 ἀττικίζειν
640 4505 775 4578 γενέσθαι
788 4506 902 4578 λεγέτω.
924 4506 1041 4576 potitum
1053 4505 1164 4562 ridetur
1175 4521 1190 4560 e
1202 4505 1480 4576 Pseudepicharmeis.
