3164 4800
144 307 186 366 30
569 313 618 361 DE
634 311 814 363 cononum
831 312 972 364 GRAECA

144 483 237 547 είπον
260 490 429 547 συνθεῖναι
455 479 514 547 τὸν
532 478 670 565 Ὅμηρον
692 484 744 547 έπί
765 478 999 564 Πεισιστράτου
1021 479 1243 566 ἑβδομήκοντα
1269 475 1330 546 δόο
1353 497 1409 544 σο·
1420 489 1460 541 170

144 580 239 663 φοός,
263 578 311 649 ὠν
333 581 554 666 ἑβδομήκοντα
577 581 637 650 δύο
660 585 742 649 εἶναι
765 583 900 650 καὶτὸν
915 581 1100 667 Ζηνόδοτον
1120 590 1175 650 καί
1191 584 1407 668 Ἀρίσταρχον.

145 690 194 752 25.
225 693 331 751 καίτοι
353 684 519 768 τεσσάρων
541 685 673 768 άυδρῶν
695 689 747 752 έπί
768 684 1002 771 Πεισιστράτου
1026 692 1216 753 συνθέντων
1240 683 1300 752 τόν
1316 683 1410 768 Ὅμη-

145 812 216 869 ρον,
240 791 357 866 οίτινές
379 792 458 853 εἰσιν
481 784 591 854 οὗτοι·
625 785 862 870 Ὲπικόγκυλος,
887 787 1112 872 Ὀνομάκριτος
1134 789 1313 872 Ἀθηναῖος,
1342 784 1426 856 Ζωέ·
1445 778 1464 801 ”

145 914 252 971 πυρος
268 886 492 973 Ἡρακλεώτης
513 898 568 956 καί
592 889 725 973 Ὀρφεὺς
745 889 990 975 Κροτωνιάτης·
1011 888 1196 976 Ζηνοδότου
1219 895 1253 957 δέ
1272 886 1408 974 χρόνοις

145 990 292 1074 ὑστέροις
315 994 367 1056 ἐπί
388 993 449 1058 τοῦ
475 998 679 1073 Φιλαδέλφου
702 993 803 1059 αὐτὸν
827 993 1091 1078 α’νορθωσαυτος,
1119 995 1226 1060 ἔπειτα
1249 997 1282 1059 δέ
1305 989 1407 1058 πάλιν
1418 1001 1457 1051 175

144 1103 206 1161 τοῦ
226 1091 439 1176 Ἀριστάρχου.
467 1101 515 1163 26.
540 1103 643 1160 ταῦτα
664 1099 724 1173 μέν
744 1095 1011 1180 μοιἩλιοδεόρωι
1034 1101 1257 1176 συμπέπτωκε,
1278 1109 1350 1173 τοῖς
1373 1098 1406 1159 δέ

145 1194 202 1274 τὰς
224 1195 378 1279 τραγικὰς
398 1204 535 1276 βίβλους
557 1199 804 1281 ἐξηγησαμένοις
825 1206 982 1281 πεισθείς,
1006 1199 1056 1278 οἷς
1076 1205 1131 1265 καί
1146 1193 1241 1264 οὗτοί
1263 1216 1343 1278 φασι
1366 1194 1406 1262 τὰ

146 1297 238 1380 αότά,
272 1300 366 1365 εἶπον
390 1297 533 1383 Ὀρέστην
562 1307 616 1365 καί
638 1298 798 1383 Ἄλκηστιν
819 1300 1000 1385 Εὐριπίδου
1028 1307 1083 1367 καὶ
1110 1298 1169 1383 τὴν
1190 1303 1407 1380 Σοφοκλέους

148 1400 322 1482 Ἠλέκτραν
345 1402 428 1466 εἶναι
449 1402 609 1484 σατυρικὰ
632 1400 786 1485 δράματα,
810 1401 855 1481 ὡς
877 1401 943 1468 α’πὸ
965 1407 1110 1482 πένθους
1132 1408 1176 1481 είς
1188 1399 1295 1487 χαρὰν
1309 1426 1408 1467 κατα·

145 1500 297 1586 λη’γοντα,
320 1510 374 1567 καί
397 1501 485 1570 οδτω
506 1507 635 1585 μέτροις
657 1530 691 1569 τε
713 1512 767 1569 καί
782 1514 911 1583 λοιποῖς
925 1530 990 1583 μου
1007 1502 1251 1589 συγγράμμασιν
1265 1501 1406 1588 γράφων
1417 1511 1456 1562 18⁰

146 1608 325 1686 έδίδασκον,
349 1607 409 1683 έως
431 1604 595 1687 άναγνοὰς
608 1605 789 1690 Εόριπίδου
806 1604 913 1674 πολλὰ
935 1604 1081 1691 δράματα
1103 1603 1203 1692 εὖρον
1224 1614 1278 1673 καί
1301 1609 1407 1688 ἔγνων

146 1706 187 1774 τὰ
211 1705 367 1790 σατυρικὰ
390 1706 536 1790 δράματα
557 1712 684 1790 τέρψεις
705 1707 883 1788 θυμελικὰς
905 1708 1026 1791 ἀμιγεῖς
1041 1716 1095 1775 καί
1110 1713 1234 1790 γέλωτα
1251 1713 1405 1793 φέροντα.

147 1815 195 1876 27.
221 1812 265 1874 ἐῶ
285 1807 364 1887 τούς
386 1808 533 1888 πολλοὺς
555 1817 609 1875 καί
631 1809 709 1890 τοὺς
728 1810 944 1903 λεξιγράφους
958 1809 1109 1894 Ὁμήρου,
1133 1809 1153 1876 ὰ
1174 1809 1339 1894 η’γνόησαυ
1363 1813 1408 1889 είς

146 1937 180 1978 τε
202 1916 303 1993 λέξεις
325 1909 415 1990 τινὰς
436 1918 491 1977 καί
514 1916 658 1995 ίστορίας
679 1921 733 1979 καί
749 1917 840 1997 έτερα
854 1921 909 1980 καί
923 1923 984 1979 τοῦ
999 1922 1137 1997 ποιητοῦ
1151 1913 1405 2003 κατεψεύσαντο,

148 2011 255 2098 ὥσπερ
288 2022 342 2080 καί
375 2019 407 2081 οί
436 2022 641 2097 προκείμενοι
670 2014 785 2098 ἄνδρες
813 2031 883 2094 τοῖς
911 2023 984 2098 περί
1012 2024 1079 2082 τῶν
1109 2025 1272 2098 σκηνικῶν
1300 2021 1405 2082 τῶνδε
1418 2021 1464 2080 185⁴

147 2117 321 2203 δραμάτων
344 2114 541 2210 διδάγμασιν,
565 2111 611 2197 ως
633 2117 696 2183 ἄπ’
718 2117 829 2183 αὐτῶν
851 2126 919 2184 τῶν
940 2126 1066 2198 βίβλων
1088 2119 1279 2200 ἐλέγχονται.
1322 2116 1406 2184 άλλὰ

146 2225 301 2303 παρέντες
330 2217 370 2285 τὰ
398 2217 530 2302 περιττὰ
559 2229 672 2300 σαφῶς
701 2217 872 2298 συντόμως
899 2227 953 2285 καί
983 2219 1115 2303 άληθῶς
1140 2227 1194 2285 καί
1216 2215 1263 2299 σὰς
1284 2218 1303 2286 ὰ
1326 2228 1407 2298 νοῦς

147 2325 207 2405 έχει
229 2331 285 2406 τῆς
307 2328 425 2401 βίβλου
448 2329 550 2387 ταῦτα
566 2324 749 2405 έκθείημεν·
771 2330 834 2400 πᾶς
850 2327 883 2387 δέ
898 2321 1051 2405 άληθείας
1065 2325 1150 2405 έρῶν
1164 2319 1407 2404 κριτικωτάτως

146 2429 344 2506 βασανιζέτω
366 2421 405 2488 τὸ
427 2420 625 2505 σύγγραμμα

234 2767 284 2818 170
308 2764 389 2815 εἷπον
404 2763 423 2816 i.
436 2781 458 2814 e.
475 2764 503 2814 in
521 2765 704 2814 commentario
721 2765 766 2815 Pb
784 2763 800 2830 ξ
818 2767 850 2816 22
956 2767 1005 2817 176
1025 2757 1194 2833 Ἡλιοδώρωι
1212 2765 1230 2815 1.
1242 2780 1265 2815 e.
1284 2765 1339 2814 δπὸ
1357 2770 1409 2815 τοῦ

147 2842 320 2916 Ἡλιοδώρου,
344 2850 377 2898 σί.
395 2849 427 2899 νᾶ
445 2851 499 2900 v.2
576 2852 625 2901 177
649 2850 713 2900 haee
729 2849 811 2913 igitur
828 2851 917 2900 eodem
935 2866 968 2900 ex
984 2851 1053 2901 libro
1070 2850 1139 2900 unde
1157 2850 1269 2900 Cratetis
1285 2849 1408 2913 Dionysii

146 2934 272 2984 Euolidae
293 2934 443 2984 memoriam
465 2936 559 2985 Tzetza
580 2935 702 2998 petieram
730 2939 843 2984 ceterum
870 2937 1063 2998 conparandum
1089 2936 1216 2985 scholium
1239 2935 1272 2985 αδ
1296 2935 1408 2985 Tzetme

148 3020 228 3071 Inmb.
247 3020 279 3070 de
296 3019 375 3071 diser.
393 3025 460 3083 poet.
479 3036 504 3071 v.
523 3022 557 3071 93
575 3019 654 3082 (infra
670 3036 697 3084 p.
709 3022 767 3083 37):
798 3026 880 3070 τοῦτο
904 3020 985 3072 εἷπον
1008 3022 1185 3086 ἠπατημένον
1211 3029 1270 3070 τοτν
1295 3015 1406 3088 ἐξηγου-

146 3108 242 3171 μένοιν
258 3099 415 3170 Εὐριπίδην
436 3107 482 3154 καί
500 3099 642 3173 Σοφοκλέα
663 3106 805 3174 γράψασιν
824 3105 851 3168 (l.
867 3105 986 3173 γράψον)
1010 3107 1098 3156 οὕτω·
1124 3097 1168 3155 (τὸ
1187 3099 1279 3173 δρᾶμα
1304 3105 1337 3154 τὸ
1360 3107 1409 3169 τῆν

145 3183 319 3255 ’Δλκήστιδον
336 3184 490 3256 Εὐριπίδου
512 3192 557 3239 καί
581 3191 596 3239 δ
617 3182 742 3258 Ὀρέστην
763 3193 809 3240 καί
831 3191 847 3254 η
867 3185 1037 3258 Σοφοκλέουν
1052 3185 1181 3258 Ἠλέκτρα
1203 3193 1250 3240 καί
1273 3189 1325 3238 δσα
1350 3205 1407 3239 τοι·

148 3281 232 3338 αθτα,
262 3274 395 3341 σατυρικὰ
421 3275 474 3323 είσι
499 3277 545 3324 καί
575 3275 606 3324 οὐ
635 3275 758 3342 τραγικά.
800 3275 857 3324 ἀπὸ
884 3282 1036 3345 συμφορῶν
1060 3276 1113 3345 γὰρ
1140 3278 1186 3325 καί
1214 3269 1343 3343 δακρδων
1370 3277 1409 3324 τίν

148 3361 237 3428 χαρὰν
254 3353 448 3410 καταντῶσινῖ
484 3360 558 3409 οίίτω
581 3361 634 3423 μέν
656 3358 707 3410 οδν
725 3358 833 3427 ἔγραψα
855 3362 918 3426 περί
941 3366 999 3411 τῶν
1018 3364 1146 3429 σατύρων
1170 3363 1279 3411 τούτοιν
1300 3360 1407 3424 ἠπατη-

147 3448 245 3509 μένον·
269 3445 393 3508 ίντυχὼν
412 3437 442 3493 δέ
461 3453 617 3511 σατυρικοτν
635 3438 773 3511 δράμασιν
785 3439 939 3512 Εὐριπίδου
958 3446 1040 3496 αὐτὸν
1055 3448 1142 3511 μόνον
1159 3447 1285 3514 ἐπέγνων
1302 3447 1332 3495 έκ
1345 3447 1407 3495 τοδ-

149 3548 208 3582 τοιν
231 3533 377 3597 σατυρικῆς
400 3530 537 3594 ποιήσεων
559 3532 605 3579 καί
628 3524 789 3594 κωμωιδίαν
811 3523 962 3598 διαφοράν·
994 3532 1010 3594 ἡ
1033 3533 1087 3596 μέν
1108 3529 1159 3580 οδν
1180 3523 1328 3596 κωμωιδία
1350 3524 1407 3598 δρι-

147 3617 221 3679 μέων
238 3620 326 3665 τινῶν
343 3612 546 3680 καθαπτομένη
566 3608 709 3679 διαβολατν
726 3617 772 3664 έπί
790 3608 939 3683 λοιδορίαις
961 3624 1033 3666 κινεῐ
1047 3609 1167 3684 γέλωτα·
1192 3610 1257 3681 ἡδί
1275 3617 1406 3683 σατυρική

149 3703 258 3764 ποίησιν
280 3699 402 3766 ἄκρατον
424 3702 470 3749 καί
488 3700 575 3767 ἀμιγῆ
594 3693 732 3766 λοιδορίαν
755 3699 809 3764 ἔχει
832 3701 882 3749 τδν
897 3693 1005 3768 γέλωτα
1026 3701 1101 3751 πάνυ
1118 3695 1258 3765 ἡδύτατον
1276 3701 1338 3751 οἷον
1356 3701 1408 3750 τὸν

149 3787 180 3834 έν
198 3778 331 3849 θυμέλαιν
400 3786 449 3837 178
468 3784 562 3834 alnov:
583 3799 635 3833 non
653 3783 721 3833 dixit
738 3783 787 3834 hoo
803 3784 832 3834 in
850 3785 887 3835 eis
904 3799 970 3848 quae
988 3790 1128 3849 supersunt
1198 3788 1248 3838 183
1266 3787 1326 3836 fort.
1345 3788 1409 3836 τοδε

150 3886 180 3919 τε
198 3863 293 3918 ἄλλους
309 3871 355 3918 καί
442 3871 493 3921 184
510 3870 570 3919 fort.
589 3870 682 3936 ἔτερα,
702 3868 718 3918 δ
736 3872 782 3918 καί
870 3873 919 3923 187
937 3871 997 3922 fort.
1016 3877 1112 3938 σοφῶν
1128 3874 1174 3920 καί
1192 3873 1337 3925 συντόμων
1353 3870 1407 3932 (vel

149 3955 294 4018 συντόμων
312 3954 351 4016 τι)
