3164 4800
215 259 254 315 22
644 263 691 310 DE
709 261 889 312 COMOEDIA
906 261 1046 311 GRAECA

211 428 337 512 βάσεως
359 428 457 496 ἑπτά·
480 428 611 508 έπτάκις
632 429 693 515 γάρ
717 429 848 515 δ’χορὸς
864 430 998 512 ω’ρχεῖτο
1013 428 1141 496 ἐπειδάν
1157 435 1201 509 εές
1215 428 1274 512 τὴν
1290 426 1474 514 ὀρχήστραν

213 530 384 615 εἰσήρχετο,
419 530 459 616 ἣν
487 530 524 616 δὴ
554 539 609 598 καί
635 543 764 614 λογεῖον
787 542 954 600 καλοῦσιν.
1000 531 1099 616 ἠμέν
1123 528 1185 598 οὖν
1208 530 1320 616 πράτη
1343 530 1474 614 ὄρχησις
1485 540 1517 592 75

213 631 394 712 κομμάτιον
407 637 542 717 ἐλέγετο,
557 634 577 718 η
590 641 623 702 δέ
635 639 766 719 δευτέρα
778 633 958 719 παράβασις
970 631 1152 714 ὁμωνύμως
1163 644 1223 700 τῶι
1233 638 1317 717 γένει
1328 636 1476 725 ἐκαλεῖτο

214 739 279 813 (καὶ
301 732 362 819 γὰρ
384 734 421 802 τὸ
440 734 527 809 ,ὅλον
548 746 648 803 τοῦτο
670 736 710 803 τὸ
725 734 953 820 έπτάστροφον
976 746 1079 821 σχῆμα
1101 735 1282 821 παράβασις
1305 739 1476 816 ἐκαλεῖτο),

211 836 230 919 ἡ
245 841 277 903 δέ
289 845 379 921 τρίτη
390 837 528 922 μακρόν,
543 834 562 922 ἡ
575 844 608 904 δέ
623 837 757 924 τετάρτη
773 838 851 923 ωἰδὴ
867 846 921 905 καὶ
934 837 1068 923 στροφή,
1084 838 1148 923 ηδέ
1163 843 1289 922 πέμπτη
1305 841 1476 922 ἐπίρρημα,

212 938 231 1023 η
248 944 281 1005 δέ
297 941 370 1023 έκτη
386 939 527 1024 άντωιδὴ
543 948 597 1008 καί
612 943 840 1025 α’ντίστροφος,
862 941 881 1026 η
899 948 931 1009 δέ
947 939 1064 1025 ἑβδόμη
1080 940 1308 1024 άντεπίρρημα.
1344 945 1396 1015 31.
1415 945 1477 1005 είσ-

214 1039 322 1107 ελθδιν
345 1038 407 1108 οὖν
430 1041 448 1108 δ
461 1041 562 1127 χορὸς
585 1048 629 1123 είς
644 1041 703 1127 τὴν
721 1041 903 1129 ὀρχήστραν
917 1049 1046 1128 μέτροις
1061 1050 1124 1110 τισί
1140 1047 1295 1124 διελέγετο
1311 1057 1380 1120 τοῖς
1395 1040 1478 1108 ὕπο·
1489 1051 1521 1103 80

213 1157 338 1226 κριταῖς
366 1151 420 1209 καί
449 1143 531 1229 πρὸς
560 1142 620 1229 την
648 1144 770 1229 σκηνὴν
798 1144 884 1231 ἐώρα
913 1156 969 1230 τῆς
991 1151 1192 1225 κωμῶιδίας·
1225 1143 1266 1212 ἂν
1289 1140 1351 1211 οὖν
1374 1142 1420 1222 ὡς
1443 1147 1478 1209 ἐκ

215 1242 343 1324 πόλεως
358 1245 481 1329 ἐβάδιζε
497 1245 579 1332 πρός
593 1246 633 1314 τὸ
647 1252 799 1331 θέατρον,
818 1246 869 1315 διὰ
884 1258 941 1331 τῆς
957 1248 1125 1333 άριστερᾶς
1141 1244 1260 1328 ἁψῖδος
1274 1248 1410 1329 ἐβαινεν,
1434 1245 1477 1313 ἂν

215 1346 250 1413 δ’
266 1347 312 1426 ὡς
334 1347 396 1414 ἐπ’
410 1341 523 1433 α’γροῦ,
547 1347 598 1416 διὰ
619 1361 675 1434 τῆς
691 1356 804 1431 δεξιᾶς.
842 1346 1154 1435 τετραγωνιζόμενός
1176 1375 1210 1415 τε
1232 1346 1250 1414 δ
1270 1348 1477 1432 χορὸςπρὸς

215 1446 339 1529 μόνους
362 1449 447 1535 έοόρα
469 1451 548 1531 τοὺς
570 1450 756 1537 ὑποκριτάς.
796 1452 1013 1520 α’πελθόντων
1035 1458 1068 1518 δέ
1089 1460 1157 1517 τῶν
1178 1449 1369 1534 ὑποκριτῶν
1391 1448 1477 1534 πρὸς

216 1550 383 1636 άμφότερα
411 1552 452 1620 τὰ
479 1557 558 1638 μέρη
587 1564 648 1620 τοῦ
670 1553 773 1639 δήμου
797 1554 887 1640 δρῶν
910 1558 944 1620 ἐκ
966 1558 1190 1639 τετραμέτρων
1212 1557 1323 1633 δεκαέξ
1345 1560 1477 1634 στίχους
1490 1563 1521 1614 85

216 1653 437 1734 άναπαίστους
466 1658 649 1738 ἐφθέγγετο,
681 1665 735 1722 καί
765 1667 865 1725 τοῦτο
895 1661 1040 1724 ἐκαλεῖτο
1073 1652 1217 1738 στροφή·
1249 1655 1316 1720 εἶτα
1344 1657 1477 1738 ἐτέρους

215 1754 388 1836 τοιούτους
417 1760 601 1842 ἐφθέγγετο,
634 1766 689 1825 καί
712 1762 857 1828 ἐκαλεῖτο
880 1761 1116 1844 ἀντίστροφος·
1150 1754 1231 1842 ἅπερ
1253 1753 1422 1840 άμφότερα
1444 1762 1477 1823 οἱ

216 1866 350 1925 παλαιοί
383 1862 540 1945 ἐπίρρημα
573 1865 702 1942 ἔλεγον·
735 1859 794 1946 δλη
828 1867 861 1928 δέ
876 1862 908 1946 ἡ
938 1859 1083 1946 πάροδος
1110 1868 1172 1926 τοῦ
1196 1869 1301 1944 χοροῦ
1329 1862 1475 1926 ἐκαλεῖτο

197 1957 405 2043 παράβασις.
453 1969 502 2030 32.
527 1971 695 2044 συμβαίνει
718 1962 753 2047 δὴ
776 1961 815 2030 τὸ
839 1968 996 2049 ἐπίρρημα
1019 1967 1113 2029 πέντε
1134 1959 1420 2046 σημαίνειν-αὐτό
1442 1987 1477 2027 τε

216 2060 255 2129 τὸ
277 2070 399 2131 οἰκεῖον
423 2064 660 2150 σημαινόμενον
682 2073 737 2131 καί
758 2065 817 2150 τὴν
836 2065 981 2151 στροφὴν
1000 2073 1053 2131 καὶ
1069 2066 1290 2158 ἀντίστροφον
1305 2071 1359 2130 καὶ
1375 2061 1519 2148 ωἰδὴνθο

217 2171 271 2229 καὶ
293 2165 465 2251 α’ντωιδὴν,
498 2166 604 2252 ἐπειδὴ
629 2167 649 2256 ἣ
671 2174 731 2247 μέν
753 2166 878 2253 στροφὴ
900 2167 959 2252 την
982 2167 1080 2252 ωἰδέγν
1103 2175 1257 2251 σημαίνει,
1290 2165 1308 2250 ἡ
1332 2171 1366 2232 δέ
1388 2164 1477 2232 άντί-

220 2284 363 2349 στροφος
384 2268 444 2352 την
467 2268 636 2355 άντωιδην.

302 2371 330 2430 V
353 2376 401 2438 33.
427 2375 554 2452 γένοιτο
577 2372 613 2438 δ’
635 2361 676 2439 άν
699 2376 876 2455 σαφεστέρα
898 2370 916 2455 ἡ
941 2380 1010 2438 τῶν
1031 2369 1193 2438 τοιούτων
1212 2377 1399 2437 διδασκαλία
1415 2370 1477 2437 ὡδί

217 2495 295 2548 πως.
335 2475 369 2538 ἐν
391 2476 521 2557 ἐαρινῶι
544 2484 661 2557 καιρῶν
683 2479 873 2541 πολυτελέσι
895 2472 1053 2552 δαπάναις
1074 2470 1355 2556 κατεσκευάζετοὴ
1372 2469 1476 2556 σκηνὴ

217 2571 416 2658 τριωρόφοις
444 2575 686 2661 οἰκοδομήμασι,
720 2581 950 2661 πεποικιλμένη
973 2573 1239 2661 παραπετάσμασι
1261 2582 1315 2642 καὶ
1338 2572 1477 2653 ὀθόναις
1489 2584 1520 2634 95

217 2684 348 2755 λευκαῖς
378 2686 432 2744 καὶ
464 2687 641 2758 μελαίναις
661 2676 796 2763 βύρσαις
828 2704 862 2745 τε
895 2677 1115 2760 παταγοάσαις
1147 2686 1201 2744 καὶ
1230 2671 1476 2760 χειροτινάκτωι

218 2786 307 2861 πυρί,
341 2776 501 2864 δράγμασί
527 2807 562 2848 τε
584 2789 769 2863 καταγαίοις
791 2788 845 2847 καὶ
867 2781 1038 2862 ὑπογαίοις
1059 2788 1113 2847 καὶ
1133 2778 1265 2846 ὑδάτων
1288 2783 1476 2857 δεξαμεναῖς

213 2880 262 2958 εἰς
284 2879 390 2948 τόπον
412 2881 594 2966 θαλάσσης,
627 2881 794 2967 Ταρτάρου
811 2881 924 2965 Ἅιδου,
958 2893 1128 2965 κεραυνῶν
1151 2889 1204 2948 καί
1227 2887 1389 2965 βροντῶν,
1418 2887 1476 2963 γῆς

302 3072 335 3122 74
357 3072 524 3122 confunditur
546 3088 606 3122 eum
623 3074 743 3138 parabasi
764 3074 878 3137 parodus
970 3075 1003 3124 76
1027 3071 1180 3122 αοωυιεέἰοιι
1197 3071 1320 3120 omissum
1337 3069 1388 3117 Ma
1404 3071 1431 3116 et
1447 3064 1477 3115 in

214 3154 312 3206 lambis
324 3156 360 3220 (τ.
370 3159 414 3222 44)
484 3161 516 3212 79
526 3174 582 3222 sqq.
599 3161 633 3211 cf.
650 3159 784 3208 Duebneri
800 3155 960 3220 Anon.VII,
977 3157 1024 3207 ubi
1035 3157 1084 3207 sic:
1104 3159 1119 3207 δ
1137 3157 1217 3222 χορδε
1234 3157 1250 3205 ά
1267 3154 1388 3218 κωμικδι
1404 3151 1476 3215 είσή-

215 3257 280 3308 γετο
299 3243 330 3291 ἐν
348 3247 393 3307 τῆι
410 3245 557 3311 ὀρχήστραν
581 3243 633 3294 τῶι
655 3250 707 3295 νῦν
723 3238 873 3310 λεγομένωι
895 3237 1004 3311 λογείωι
1021 3243 1065 3306 (σί.
1084 3255 1163 3305 supra
1180 3241 1269 3304 αλδ),
1296 3241 1342 3290 καί
1360 3239 1407 3287 δτι
1423 3238 1478 3302 μέν

217 3326 287 3393 πρδε
309 3330 372 3377 τοδε
393 3328 544 3397 δποκριτάε
568 3323 711 3398 διελέγετο,
736 3331 805 3396 πρδι
829 3329 880 3392 τήν
898 3329 1002 3392 σκηνήν
1019 3328 1146 3395 ἀφεώρα·
1174 3326 1221 3374 άτε
1240 3320 1270 3375 δέ
1288 3318 1478 3374 ἀπελθόντων

218 3409 278 3459 τῶν
294 3411 455 3480 ὑποκριτῶν
480 3418 544 3465 τοδε
566 3415 756 3465 άναπαίοτοοι
779 3409 905 3478 διεξήιει,
932 3415 1002 3481 πρδι
1024 3414 1074 3463 τὸν
1092 3406 1181 3476 δῆμον
1204 3410 1402 3477 ἀπεστρέφετο,
1430 3409 1477 3456 και·

218 3500 301 3547 τοῦτο
319 3492 441 3549 ἐκαλεῖτο
460 3501 575 3568 οτροφη.
606 3497 641 3563 ἦν
659 3494 690 3549 δέ
708 3500 744 3548 τά
761 3501 876 3564 ίαμβετα
894 3499 1065 3565 τετράμετρα
1083 3497 1156 3560 (haee
1174 3499 1308 3559 corrupta
1326 3508 1415 3544 sensus
1432 3492 1477 3541 hie
1555 3483 1557 3490 ’

216 3569 283 3643 ‘post
300 3583 434 3647 stropham
450 3586 596 3637 tetrametri
613 3574 822 3648 recitabantur').
857 3583 918 3634 εἶτα
936 3585 987 3648 τήν
1005 3583 1194 3649 ἀντίστροφον
1216 3574 1371 3630 άποδέντει
1392 3571 1478 3628 πάλιν

218 3666 389 3736 τετράμετρα
407 3665 536 3739 ἐπέλεγον
554 3671 625 3723 ἴσων
643 3674 759 3736 στίχων·
779 3667 814 3734 ῆν
826 3664 857 3719 δέ
869 3671 916 3720 ἐπί
929 3670 961 3719 τδ
974 3663 1105 3720 πλεῖστον
1117 3660 1167 3716 ις’.
1198 3659 1320 3714 ἐκαλεῖτο
1340 3657 1370 3715 δέ
1389 3667 1478 3712 ταῦτα

216 3750 405 3830 εἐπιρρήματα·
432 3756 449 3820 ἡ
468 3750 499 3805 δέ
516 3752 564 3822 δλη
583 3752 707 3825 πάροδοι
729 3762 780 3807 τοῦ
796 3761 881 3822 χοροῦ
899 3749 1022 3805 ἐκαλεῖτο
1039 3752 1210 3818 παράβασιν·
1232 3739 1430 3815 Ἀριστοφάνην
1447 3749 1478 3797 ἐν

216 3833 354 3888 Ιπποάοιν
364 3839 435 3904 (507)
453 3832 490 3890 ςεί
498 3844 551 3907 μέν
569 3857 611 3892 τιε
622 3843 691 3910 άνήρ
711 3846 769 3892 τῶν
781 3841 905 3909 άρχαίων
922 3829 1220 3904 ιιωμωιδοδιδάσκαλοε
1236 3835 1307 3900 ἡμᾶν
1322 3833 1479 3901 ἠνάγκαζεν

217 3913 347 3980 λέξονται
363 3924 415 3990 ἐπη
439 3927 508 3993 πρδι
525 3928 558 3977 τδ
577 3926 701 3994 θέατρον
718 3917 901 3994 παραβῆναι’.
937 3924 1034 3974 rectius
1050 3922 1092 3972 Et.
1109 3923 1146 3971 M.
1162 3922 1223 3984 363,
1233 3923 1267 3972 46
1285 3919 1477 3988 ἐπιρρήματα·

218 4007 249 4055 ἐν
267 4017 326 4058 τοτε
342 4020 461 4078 χορικοτι
484 4013 532 4062 δτε
553 4014 679 4080 στροφήν
704 4013 811 4062 άιοειαν
834 4005 914 4064 μέλοι
930 4003 1080 4074 0.,μέλουι,
1101 4009 1134 4058 εί.
1152 4007 1293 4071 Ηερλιεοεί.
1312 4003 1476 4070 p.139,18),

218 4085 347 4161 ἐπέλεγον
365 4097 535 4161 ποιημάτιον
554 4093 593 4148 ις’
613 4101 729 4162 στίχων·
753 4096 813 4147 εἶτα
831 4096 883 4159 τήν
900 4095 1088 4161 ἀντίστροφον
1106 4087 1261 4143 άποδέντεε
1278 4085 1407 4159 ἐπέλεγον
1424 4089 1477 4139 πά·

217 4169 261 4226 λιν
279 4179 466 4249 τετράμετρον
483 4182 653 4246 ποιημάτιον
672 4187 731 4233 τῶν
743 4181 814 4232 ἴσων
826 4183 942 4245 στίχων·
962 4173 1083 4229 ἐκαλεῖτο
1097 4173 1127 4228 δέ
1143 4183 1231 4229 ταῦτα
1248 4177 1423 4244 ἐπιρρήματα

217 4263 313 4327 βθιηη.
329 4264 363 4314 ολ
380 4265 429 4316 Ma
445 4267 506 4330 §23

303 4349 328 4398 V
349 4351 438 4401 eadem
455 4353 507 4403 Mb
525 4354 576 4404 σ.4
645 4352 688 4404 934.
698 4354 732 4404 94
750 4346 807 4402 05δέ
824 4364 884 4400 πων
900 4351 922 4399 Ρ
991 4351 1025 4402 94
1042 4354 1158 4416 πρῶτον
1174 4350 1227 4414 μέν
1244 4349 1275 4398 ἐν
1293 4350 1407 4415 ἐαρινῶι
1425 4351 1479 4396 τῶι

218 4440 317 4505 καιρῶι
335 4433 560 4490 πολυαναλῶτοιε
578 4432 716 4488 δαπάναις
731 4437 784 4488 Mb
1240 4458 1241 4463 ¹
