3164 4800
638 303 686 354 DE
703 303 885 354 ΟΟΜΟΕΒΙΔ
901 303 1041 354 ΘΒΑΕΟΔ

463 470 564 539 άκουε
586 470 694 539 πάντα
716 481 779 539 νῦν
800 477 880 557 μέρη
902 479 1106 558 τρυγωιδίας,

462 573 482 641 ά
506 581 584 658 πρίν
606 573 624 640 ὁ
648 573 822 658 Εὐκλείδης
844 600 878 641 τε
899 582 954 641 καί
975 581 1086 642 λοιποί
1108 571 1206 640 πόσοι

418 689 447 740 90
461 675 645 762 γράψαντες
667 673 713 754 ὡς
734 675 897 759 γράφουσι
920 680 1197 760 συμπεφυρμένως
1295 748 1297 753 ⁴

462 786 515 846 καί
539 787 741 845 συνδολοῦσι
762 776 887 858 πάντας
909 779 1142 862 ἡκροαμένους,

460 886 540 965 μέρη
562 884 710 962 λέγοντες
733 881 824 947 ἐννέα
847 884 1035 963 πεφυκέναι,

462 981 546 1051 άλλα
566 988 626 1061 μέν
649 976 759 1062 άλλος.
782 980 803 1048 ἃ
825 979 866 1049 τά
887 992 950 1049 νῦν
971 1008 1027 1062 μοι
1049 987 1189 1050 λεκτέον.

504 1091 558 1151 καί
581 1083 618 1169 δὴ
640 1083 718 1151 κατ’
739 1083 917 1168 Εὐκλείδην
937 1090 998 1164 μέν
1020 1085 1131 1169 άκροῶ
1152 1094 1241 1153 τίνα’

419 1199 449 1250 05
463 1185 639 1270 πρόλογος,
661 1185 679 1251 δ
704 1182 838 1267 ἄγγελός
859 1211 894 1251 τε
915 1193 969 1252 καί
991 1186 1171 1270 έξάγγελος,

462 1288 616 1373 πάροδος,
640 1286 845 1371 έπιπάροδος,
867 1288 946 1367 μεθ’
969 1283 1025 1355 ὦν,
1039 1296 1093 1356 καί
1115 1288 1152 1356 τὸ
1176 1289 1343 1377 στάσιμον,

463 1395 605 1472 έβδομον
628 1387 902 1474 ὑπορχηματικόν,
925 1389 1100 1471 άμοιβαῖον
1122 1394 1238 1477 ἔπειτα,

462 1493 499 1561 τὸ
525 1491 679 1579 σκηνικὸν
701 1489 807 1558 τάττει
830 1497 863 1558 δέ
885 1490 1021 1560 πάντων
1043 1492 1190 1576 ἐσχάτως.

463 1599 598 1680 πρῶτον
621 1593 722 1676 λόγον
745 1599 778 1659 δέ
799 1593 969 1677 τυγχάνειν
990 1601 1128 1677 γίνωσκέ
1149 1622 1205 1676 μοι

410 1711 453 1760 100
468 1709 536 1765 τῶν
558 1694 607 1765 ῶν
628 1701 715 1765 θέλει
737 1700 840 1777 λέγειν
862 1723 911 1776 τις
934 1700 1073 1776 ἐκθέσεις
1095 1695 1219 1780 λόγων·

464 1799 502 1881 ὃς
524 1800 560 1868 δ’
581 1800 623 1869 άν
645 1797 685 1866 τά
708 1801 769 1880 ἔξω
791 1814 862 1877 τοῖς
884 1800 984 1865 έσῶδι
1004 1798 1129 1883 μηνύει,

463 1905 574 1988 εἴληχε,
598 1909 706 1987 φησίν,
730 1901 868 1983 α’γγέλου
891 1910 1005 1986 κλῆσιν
1026 1905 1148 1985 φέρειν·

463 2008 498 2070 έκ
521 2011 636 2085 δεξιῶν
657 2011 761 2084 βαίνει
782 2007 816 2069 δέ
838 2001 921 2087 πρὸς
943 2000 1038 2069 λαιὸν
1060 2008 1165 2088 μέρος.

463 2106 633 2188 ἕξάγγελος
655 2105 754 2173 πάλιν
777 2109 810 2170 δέ
832 2103 892 2186 τὴν
913 2115 1027 2190 κλῆσιν
1049 2110 1138 2191 φέρει

410 2219 453 2270 105
466 2225 537 2288 τοῖς
559 2206 651 2287 έκτὸς
673 2205 761 2285 ὅστις
781 2203 896 2289 μηνύει
915 2205 956 2273 τά
977 2217 1046 2274 τῶν
1069 2211 1144 2274 έσον·

344 2345 346 2349 ·
465 2309 516 2378 διὰ
540 2321 639 2389 στοᾶς
661 2309 696 2376 δ’
719 2311 824 2388 ἔβαινε
845 2319 903 2393 τῆς
923 2318 1017 2388 λαιᾶς
1039 2309 1119 2378 τότε.

463 2411 607 2496 πάροδος
630 2419 662 2480 δὲ
685 2410 763 2496 ῶιδη
784 2420 846 2478 τοῦ
864 2421 970 2495 χοροῦ
992 2409 1054 2490 ἅμ’
1076 2408 1212 2494 είσάδῶι,

464 2511 572 2600 ῶσπερ
594 2513 632 2581 τὸ
650 2516 740 2597 ίσῖγα
761 2511 881 2581 λευκὸν
904 2514 988 2591 είδος
1010 2512 1179 2598 άρβύλης’.

465 2615 663 2701 ἐπιπάροδος
685 2620 807 2696 έλευσις
828 2620 861 2681 δέ
884 2617 1037 2698 δευτέρου
1056 2625 1173 2699 χοροῦ,

409 2728 452 2778 110
465 2718 540 2796 μετ’
562 2722 723 2800 έξέλευσιν
744 2729 805 2786 τοῦ
824 2725 929 2801 χοροῦ
951 2726 1012 2784 τοῦ
1033 2724 1112 2800 πρίν
1134 2721 1226 2799 λέγω.

463 2819 545 2888 ὅταν
564 2819 665 2905 χορὸς
688 2820 763 2901 στάς
786 2822 821 2888 δ’
844 2817 1033 2903 ἐμπαράιδηι
1055 2845 1085 2885 τι
1106 2824 1213 2902 μέλος,

464 2918 510 2998 ὡς
526 2917 696 2987 Ὥκεανοῦ
716 2947 765 2999 τις
787 2919 876 3005 ὕδωρ
899 2927 1022 3003 λέγεται
1045 2920 1170 3002 στάζειν
1192 2925 1292 3006 πέτρα
1302 2925 1319 3004 ’,

465 3019 621 3100 στάσιμον
644 3019 680 3086 τὸ
703 3026 800 3104 μέρος
823 3024 925 3106 εἴληχε
946 3021 1005 3107 τὴν
1027 3033 1142 3108 κλῆσιν
1164 3028 1280 3108 φέρειν.

462 3121 522 3208 τὴν
547 3122 582 3190 δ’
605 3124 770 3201 ἐμμέλειαν
793 3119 891 3204 οὗτος
913 3123 1092 3209 ὑπάρχησιν
1114 3130 1206 3207 λέγει,

409 3237 451 3287 115
466 3225 567 3309 ονίδῆν
586 3234 691 3308 χοροῦ
713 3234 872 3293 τελοῦσαν
895 3226 1059 3310 ὀρχησμοῦ
1079 3233 1169 3306 μέτἰι,

464 3326 483 3410 ἣ
504 3324 631 3407 μᾶλλόν
654 3329 719 3391 έστι
741 3331 910 3410 πρέπουσα
933 3328 1070 3413 δράμασι
1091 3340 1160 3396 τῶν
1182 3329 1347 3416 σατύρων·

380 3498 382 3503 ,
466 3429 560 3496 αὐτοί
583 3426 644 3495 σὺν
666 3425 794 3512 ὀρχήσει
816 3428 877 3514 γάρ
899 3427 993 3514 ἧιδον
1014 3442 1073 3499 τῶι
1096 3429 1204 3499 πάλαι.

379 3606 381 3611 ,
462 3529 499 3597 τὸ
523 3531 559 3598 δ’
581 3533 616 3612 ἐξ
637 3529 772 3615 άμοιβῆς
794 3530 876 3615 πρὸς
898 3530 1018 3615 λόγους
1039 3537 1105 3600 ἐστί
1126 3531 1237 3614 λόγος·

463 3631 500 3700 τὸ
524 3630 679 3717 σκηνικὸν
702 3638 735 3699 δὲ
756 3633 926 3717 τυγχάνειν
950 3637 1031 3701 εἶναι
1053 3634 1132 3717 νάει,

1292 3792 1474 3800 ——--—

301 3873 334 3923 93
354 3878 440 3923 τανῦν
458 3873 496 3922 A:
524 3878 583 3924 τῶν
599 3878 651 3923 νῦν
667 3873 730 3936 ΒΜ,
757 3874 826 3936 quod
844 3872 924 3923 fuerit
942 3874 975 3924 τδ
992 3878 1044 3924 νῦν
1121 3868 1477 3943 95ι1ἄγγελοείξάγγτλόε

217 3974 247 4006 τε
263 3957 314 4006 ΒΜ
418 3960 451 4009 96
470 3951 640 4026 ίπιπάροδοε
656 3961 702 4008 καί
720 3959 857 4024 στάσιμον
873 3959 924 4008 ΒΜ
1027 3961 1059 4011 97
1078 3974 1182 4009 versum
1202 3974 1235 4009 ne
1252 3959 1346 4010 Tzetza
1367 3960 1475 4023 quidem
1520 3996 1522 4001 ,

215 4042 323 4106 dignum
334 4041 412 4091 habet
424 4042 460 4091 A:
479 4036 603 4107 ἕβδομον
619 4043 845 4110 δπορχημανικδν
863 4045 914 4093 σὺν
932 4046 1048 4106 τοδτοιε,
1063 4041 1067 4110 ί
1083 4045 1236 4109 ἀμοιβατον
1252 4043 1357 4096 ἔπειτα.
1385 4050 1476 4096 ταῦτα

214 4128 268 4192 μέν
285 4128 373 4177 οὕτως
390 4127 440 4175 ΒΜ
545 4128 593 4178 102
618 4121 713 4194 εἴληχε,
733 4131 817 4195 φησίν
834 4127 871 4176 A:
898 4122 1002 4193 είληγεν
1019 4128 1100 4180 οὗτος
1115 4130 1166 4179 ΒΜ
1270 4133 1319 4183 103
1338 4124 1417 4182 λαιάν
1432 4131 1474 4180 A:

217 4205 299 4262 λάλον
316 4211 367 4261 ΒΜ
449 4212 499 4264 107
523 4205 647 4279 πάροδος
664 4206 733 4275 ῶιδτ)
752 4217 837 4280 χοροῦ
852 4213 911 4277 ἅμα
928 4207 1041 4264 είσιίδωι
1057 4214 1108 4264 ΒΜ
1189 4216 1239 4267 108
1260 4216 1309 4280 leg.
1329 4214 1416 4280 ἴχνος,
1439 4217 1475 4265 οἱ.

216 4312 242 4346 v.
254 4297 286 4346 41
368 4297 417 4348 109
441 4290 613 4364 ίπιπάροδοε
628 4303 712 4364 χοροῦ
728 4291 829 4348 &levum
846 4289 926 4348 ἄλλον
945 4297 1004 4362 (1ο.
1023 4293 1160 4368 δευτέρον)
1178 4302 1229 4351 ΒΜ
1316 4302 1365 4352 112
1384 4301 1476 4367 πέτρα

164 4426 167 4431 .
214 4396 264 4433 om.
282 4382 346 4444 ΒΜ,
364 4381 396 4432 οί.
414 4395 440 4432 v.
453 4381 488 4432 50
558 4382 607 4432 113
631 4382 663 4431 τὸ
680 4386 707 4432 et
725 4383 777 4445 τὴν
792 4397 843 4434 om.
859 4383 910 4432 ΒΜ
981 4385 1030 4434 114
1048 4380 1192 4450 ίμμίίειαν
1209 4380 1237 4435 δ’
1257 4385 1337 4437 οιίτοε
1352 4387 1404 4436 ΒΜ

214 4467 264 4517 110
281 4467 341 4516 ἐστι
357 4479 407 4516 om.
425 4465 475 4516 ΒΜ
546 4467 595 4518 118
616 4465 632 4530 η
652 4455 680 4515 δ’
700 4462 731 4526 ίξ
746 4467 797 4516 ΒΜ
