3164 4800
203 292 266 354 210
582 289 818 349 GLOSSARIVII
835 288 1079 348 ITALIOTIOVII

290 468 339 519 134
365 463 484 536 Hesyoh.
502 459 673 535 σάμερον·
691 457 827 535 σήμερον,
845 464 904 518 νῦν.
942 464 1123 534 Ταραντῖνοι.

292 656 340 708 135
366 649 522 706 Amnekk
535 654 637 717 300,16
655 651 849 708 συνοίσειν·
866 643 902 706 τὸ
921 646 962 714 είς
978 639 1067 706 ταύτὸ
1086 647 1250 722 συμφέρειν.
1279 650 1473 719 Ταραντῖνοι.

204 736 323 809 Hesyeh.
340 737 498 794 συνοίσειν·
516 743 703 809 συνενεγκεῖν.
738 736 804 790 item
821 735 879 790 An.
890 733 1002 790 Baehm.
1014 737 1074 799 375,
1085 736 1119 788 30
1136 733 1212 800 (Inde
1226 731 1308 789 Phot.
1326 736 1400 801 ου),
1420 733 1472 790 ubi

205 821 287 878 etiam
304 829 455 879 συνοῖσον·
476 819 632 895 συμφέρον.
667 819 702 877 ef.
719 819 833 877 Lobock
850 820 886 877 ad
903 819 1006 892 Phryn.
1023 835 1051 888 p.
1069 822 1128 873 724.

290 1013 339 1065 136
365 1008 485 1082 Hesych.
503 1003 688 1083 σφιχκτήρ·
703 1003 803 1082 χιτών.
841 1010 1023 1082 Ταραντῖνοι.

293 1201 341 1253 137
371 1195 491 1268 Hesych.
509 1196 659 1271 ταυρίνδα·
675 1193 786 1269 κεφαλὴ
804 1189 822 1268 ἢ
839 1188 937 1253 παιδιὰ
955 1213 1036 1268 παρα
1052 1193 1250 1265 Ταραντίνοις.
1273 1192 1395 1248 fortasse
1408 1193 1473 1264 ipsa

205 1281 358 1337 ludentium
375 1282 463 1337 verba
479 1283 647 1354 ταυρίνδα
664 1275 744 1351 (τὰν)
759 1276 919 1354 κεφαλσίν
934 1279 953 1335 i.
965 1294 990 1335 ο.
1006 1277 1087 1334 ‘taun'
1104 1293 1181 1334 more
1198 1283 1283 1346 eaput
1297 1271 1413 1348 proioe?

273 1469 343 1525 *138
370 1468 489 1538 Hesyeh.
511 1469 637 1540 τελλίην·
661 1465 677 1527 ὁ
702 1473 790 1529 δεῖνα.
827 1473 1008 1541 Ταραντῖνοι.
1041 1465 1143 1524 frustm
1164 1465 1280 1522 lafinum
1303 1465 1370 1522 ίαίίι
1394 1482 1474 1524 com-

205 1560 312 1623 parant.
346 1552 410 1609 fort
429 1552 557 1610 τέλλιν·
576 1557 700 1627 σωλῆνα,
717 1553 752 1611 ef.
770 1554 806 1610 ad
822 1552 919 1623 Epich.
936 1552 971 1607 fr.
984 1556 1042 1607 114.

292 1745 341 1796 133
367 1740 486 1813 Hesych.
505 1735 620 1813 τὴνης·
639 1734 703 1807 ἕως.
738 1745 918 1815 Ταραντῖνοι.
952 1754 1011 1795 non
1028 1737 1156 1808 expedio.

293 1934 341 1983 140
368 1927 487 2000 Hesych.
505 1929 539 1984 τί
556 1926 720 2001 δόστορε·
737 1930 767 1986 τί
784 1935 902 1985 ποιεῖτε.
941 1930 1121 2000 Ταραντῖνοι.
1154 1940 1213 1980 non
1230 1924 1358 1994 expedio.

294 2122 341 2172 141
369 2115 489 2188 Hesych.
511 2111 678 2189 τόρσνσς·
704 2111 818 2188 τόρνος.
856 2119 1037 2188 Ταραντῖνοι.
1075 2111 1166 2169 forma
1191 2106 1368 2185 τορονευτός
1394 2127 1472 2167 oom-

206 2202 327 2271 pluriens
344 2202 374 2256 in
391 2202 473 2257 efficti
491 2201 673 2257 Diocletianei
691 2200 817 2269 exemplo
835 2198 1038 2266 Geronthrae0‚
1055 2197 1090 2254 σί.
1107 2196 1258 2254 WSchulze
1270 2195 1377 2252 thnii
1389 2197 1471 2252 Ann.

207 2288 333 2343 XXXIII
352 2292 408 2342 124.
443 2287 619 2343 Kretschmer
634 2286 702 2342 ibid.
719 2285 817 2340 XXXI
835 2289 894 2340 397.

297 2479 344 2528 142
371 2473 491 2546 Hesyeh.
509 2475 688 2547 τρίσχδσν·
706 2473 813 2546 μέτρον
831 2492 856 2529 τι
876 2466 955 2544 παρὰ
978 2471 1174 2546 Ταραντίνοις.
1191 2469 1209 2523 i.
1222 2485 1245 2524 ο.
1259 2469 1310 2540 3ίιί

195 2724 203 2741 Ι
296 2668 343 2718 143
366 2661 485 2732 Hesych.
501 2656 600 2729 ὑστίς
617 2656 703 2729 (ὕετίς
714 2661 789 2729 0071)·
806 2655 896 2734 ὖδρίς.
924 2666 1105 2734 Ταραντῖνοι.
1129 2675 1158 2714 v.
1171 2655 1388 2713 adRhinthonis
1399 2657 1435 2712 fr.
1446 2661 1471 2712 3.

297 2856 345 2905 144
371 2849 491 2921 Hesych.
514 2843 532 2907 ἃ
554 2845 771 2921 χραδαμύλα·
799 2845 815 2907 ὃ
838 2851 966 2922 κοχλίας.
1007 2848 1202 2920 Ταραντίνοις.
1242 2852 1369 2916 compte
1395 2847 1474 2903 idem

211 2932 373 3009 οἷκραμύλα·
396 2936 529 3006 κοχλίας,
551 2934 617 2990 imm
633 2938 837 3007 χραμαδσῑλαι·
859 2938 993 3007 χελῶναι.
1026 2936 1076 2990 καί
1094 2931 1124 2990 αί
1141 2928 1326 3006 νωθρόταται
1345 2937 1408 2991 τῶν
1425 2955 1474 2992 κυ-

212 3024 279 3076 νῶν.
316 3018 344 3077 οἳ
361 3019 391 3077 δὲ
409 3013 477 3085 τοὺς
494 3020 621 3091 κοχλίας.

299 3212 347 3261 145
374 3207 493 3275 Epimer.
511 3207 593 3263 Hom.
613 3208 701 3264 Cram.
719 3207 777 3262 An.
796 3205 847 3263 Ox.
864 3206 879 3262 I
896 3211 938 3274 62,
957 3211 989 3262 16
1007 3204 1042 3264 τὸ
1062 3197 1200 3277 ἁρμόττον
1217 3211 1267 3265 καί
1284 3204 1405 3280 σφάττειν
1423 3213 1474 3266 καί

212 3289 248 3351 τὰ
268 3283 356 3363 ἶν’μοια
375 3284 428 3350 οὐκ
446 3286 505 3350 οἷνιὸ
524 3295 583 3350 τῶν
599 3288 671 3367 παρ’
695 3287 761 3364 ἡμῖν
778 3287 822 3350 διὰ
841 3296 894 3349 τοῦ
908 3282 934 3362 ξ
950 3291 1114 3365 λεγομένων
1137 3291 1222 3360 εἰσίν,
1244 3285 1309 3350 ἄλλ’
1328 3286 1388 3351 dub
1413 3299 1475 3352 τῶν

210 3373 292 3450 (διὰ)
318 3374 368 3436 6υύ
396 3382 433 3437 ὅσ
459 3378 623 3450 λεγομένοιν
649 3374 728 3453 παρὰ
750 3379 946 3449 Ταραντίνοις.
982 3376 1010 3435 οὶ
1035 3374 1093 3452 γὰρ
1114 3382 1286 3448 Ταραντῖνοι
1307 3374 1344 3436 τὰ
1367 3379 1409 3446 τίς
1432 3369 1475 3450 §B

211 3459 335 3537 λήγοντα
354 3459 468 3536 ῥήματα
480 3459 629 3536 βαρύτσνα
642 3458 686 3521 διὰ
699 3467 759 3521 τῶν
771 3461 820 3523 δύο
834 3470 871 3522 σ“σ
883 3463 1004 3536 λέγουσι,
1024 3458 1089 3521 οἷον
1101 3465 1282 3521 σαλπίσσοι
1294 3466 1475 3523 λακτίσσαι

162 3555 168 3598 ί
212 3540 380 3630 φρασσυ.
393 3587 400 3602 .
413 3544 499 3606 πάλιν
517 3548 546 3606 δέ
563 3543 599 3607 τά
619 3543 692 3622 παρ’
709 3543 777 3622 ἡμῖν
794 3541 936 3623 λεγόμενα
955 3543 1000 3607 διὰ
1018 3546 1067 3608 δύο
1087 3553 1124 3609 ιῑῡ
1141 3540 1215 3624 παρ’
1234 3543 1332 3616 αὐτοῖς
1350 3544 1475 3619 έμνιαλιν

212 3628 256 3692 διὰ
275 3637 328 3691 τοῦ
344 3637 359 3702 ζ
377 3632 539 3707 ἐκφέρεται,
557 3627 622 3691 οῖον
639 3633 760 3692 πλιίσσοι
778 3631 898 3704 αλοίζοι
915 3637 964 3692 καί
985 3635 1020 3693 τὸ
1040 3631 1159 3694 οἷνοίσσοι
1182 3630 1300 3703 σίνσῖζοι
1318 3629 1401 3717 ...τὸ
1422 3626 1476 3693 οὖν

212 3720 304 3775 νίπτω
322 3715 394 3792 παρ’
414 3718 547 3777 Αἰολεῦσι
569 3721 659 3777 νίσσιυ
682 3715 841 3792 λεγόμενον
858 3759 885 3779 ..
902 3719 1057 3791 μεταθέσει
1074 3724 1135 3778 τῶν
1157 3719 1206 3779 δύο
1224 3725 1261 3779 σο
1285 3720 1325 3787 εἰς
1347 3725 1363 3791 ζ
1391 3716 1474 3792 παρὰ

217 3804 405 3875 Ταραντίνοις
431 3803 544 3876 λέγεται
573 3806 671 3873 νίζω’
693 3796 764 3874 (νίζ’
789 3794 879 3863 ἶν’δατα
906 3799 1006 3878 ίιαρά’
1032 3810 1068 3872 (Λ
1087 3809 1155 3873 813).
1191 3807 1226 3864 σί.
1243 3808 1288 3863 Et.
1305 3807 1342 3862 M.
1360 3811 1422 3875 605,
1440 3813 1475 3864 44

216 3890 403 3960 Ταραντίνων
421 3889 451 3946 δὲ
468 3893 559 3962 φονῆι
576 3891 686 3963 γίνεται
705 3892 803 3959 νίζιυ·
820 3888 900 3963 παρὰ
920 3886 954 3949 τὸ
974 3893 1043 3961 νίζαι
1061 3893 1172 3964 γίνεται
1190 3895 1299 3967 νίτρον.
