3164 4800
658 271 706 320 DE
722 271 904 322 oouonnu
919 265 1079 325 (ὶΙλΔΕῦΑ1

478 435 556 517 τοὺς
577 445 810 524 τετραμέτρους
832 436 891 517 οὓς
914 440 974 522 έφη
996 445 1030 505 δέ
1054 451 1125 509 τῶν
1147 451 1266 526 στέχων

477 550 605 624 τρανῶς
629 541 787 626 έπέρρημά
808 570 838 609 τι
860 539 939 619 τοὺς
961 539 1115 625 πρώτους
1136 549 1235 628 λέγει,
1340 602 1342 606 ⁴

479 641 558 723 τοὺς
580 649 751 727 δευτέρους
774 643 816 712 αὖ
840 645 1060 728 ἀντεπίρρημα
1083 645 1192 715 πάλιυ.

483 750 613 830 Τζέτζης
633 752 693 825 μέν
716 746 798 813 αὐτὰ
821 757 889 813 τῶν
911 755 1020 830 μερῶν
1045 758 1102 831 τῆς
1124 749 1261 831 έπτάδος

436 859 466 908 60
480 847 667 931 παρεξελών
688 874 723 914 τε
745 855 799 915 καὶ
822 847 940 928 διώξας
961 847 1128 932 μακρόθεν

480 948 580 1033 ωἰδὴν
601 957 718 1034 διαιρεῖ
737 956 791 1017 καὶ
815 949 961 1034 στροφὴν
985 947 1031 1029 ὡς
1054 951 1136 1035 πρὸς
1159 951 1218 1020 δόο

480 1051 700 1137 ἀντιστροφὴν
723 1049 827 1136 aonio
848 1078 883 1119 τε
900 1051 1088 1147 κάυτωιδηυ
1111 1052 1191 1133 ἅμα,

479 1152 568 1222 οὕτω
589 1180 624 1220 τε
645 1165 768 1239 πληροῖ
789 1173 840 1222 σοι
863 1153 962 1222 πόλιν
984 1153 1043 1238 τὴν
1065 1153 1196 1223 έπτάδα.

479 1255 578 1340 ωἰδὴν
600 1267 694 1323 καλεῖ
713 1263 746 1323 δέ
773 1255 857 1343 πρὸς
879 1255 978 1336 θεούς
999 1282 1090 1336 τινας
1112 1257 1250 1340 λόγους,

435 1371 464 1420 65
479 1356 625 1443 στροφὴν
640 1357 739 1426 πάλιν
754 1365 787 1426 δέ
805 1358 884 1439 τοὺς
899 1358 981 1443 πρὸς
996 1353 1178 1442 ἀνθρώπου
1193 1357 1323 1443 λόγους,

477 1458 537 1545 τὴν
559 1461 595 1527 δ’
617 1459 799 1546 ἀυτοωιδὴυ
822 1467 866 1541 εἰς
888 1459 988 1540 θεοὺς
1009 1458 1110 1528 πόλιν
1131 1466 1229 1543 λέγει,

478 1561 699 1647 ἀντιστροφὴν
721 1569 755 1629 δέ
776 1561 860 1648 πρὸς
882 1561 983 1645 γονόις
1005 1566 1159 1647 ἐτησίους.

519 1674 621 1731 ταῦτα
642 1672 701 1744 μέν
724 1663 823 1732 οὕτω.
867 1671 921 1732 καλ
943 1671 1015 1731 ταδὶ
1037 1670 1077 1732 δέ
1091 1691 1146 1744 μοι
1168 1664 1262 1747 μάθε,

477 1765 522 1846 ὡς
543 1767 562 1851 η
586 1763 707 1834 παλαιὰ
731 1764 899 1851 συγγραφὴ
922 1773 1107 1846 κωμωιδίας

433 1881 463 1930 70
477 1867 556 1953 ἦρτο
579 1866 663 1953 πρός
685 1862 786 1950 όγκον
810 1869 948 1954 Ἀττικῆς
969 1867 1114 1953 γλώττης
1135 1867 1262 1951 λόγοις,

477 1975 590 2056 ἐχρῆτο
613 1979 668 2038 καὶ
688 1976 817 2056 μέτροις
840 1977 872 2038 δέ
895 1979 1057 2050 ποικίλοις
1080 1979 1197 2054 στίχων

474 2083 586 2158 χορῶν
608 2099 642 2140 τε
660 2081 773 2157 χρείαν
796 2076 886 2156 εἶχεν.
921 2072 940 2158 ἣ
963 2078 1020 2140 νέα
1042 2077 1075 2139 δέ
1096 2097 1131 2154 γε

475 2175 621 2259 γλώττης
643 2185 769 2257 σαφοῦς
792 2186 908 2259 πρῶτα
928 2182 988 2254 μέν
1010 2173 1153 2260 ἥρμοστο
1177 2173 1298 2257 λόγοις,

476 2286 629 2344 πλείοτωι
652 2282 684 2343 δέ
703 2287 819 2362 χρῆται
840 2288 909 2345 τῶν
932 2276 1058 2358 ἰάμβων
1084 2287 1143 2343 τῶι
1164 2283 1284 2362 μέτρωι

432 2393 462 2442 75
476 2386 530 2446 καὶ
553 2376 590 2463 δὴ
615 2376 676 2445 σόν
699 2379 811 2459 αὐτοῖς
833 2388 886 2446 καλ
907 2389 1018 2464 χορῶν
1041 2379 1215 2463 ἀποτρέχει.

475 2479 512 2548 τό
537 2491 599 2549 τοῦ
622 2490 749 2548 σκοποῦ
772 2487 805 2547 δέ
827 2481 959 2560 πλάσμα
981 2489 1035 2548 καλ
1056 2487 1141 2562 λέξις
1164 2481 1229 2560 ἅμα

475 2592 753 2667 παρεισφοροῶσιν
773 2580 897 2668 ἡδονὴν
919 2590 1115 2663 κωμωιδίαις

475 2692 528 2751 καὶ
550 2682 611 2751 τόν
632 2690 757 2766 γέλωτα
778 2702 848 2765 τοῖς
871 2684 1059 2766 ὃμωνόμοις
1081 2691 1182 2754 πλέον

475 2792 724 2873 έσχηματισμένα
746 2795 856 2854 τεκαὶ
878 2796 1068 2873 παρωιδέαι,

432 2903 461 2953 80
475 2898 529 2958 καὶ
551 2890 697 2976 κλήσεων
720 2890 851 2971 πλάσεις
873 2897 906 2957 δέ
928 2899 989 2958 καὶΙ
1002 2889 1224 2972 μεταπλάσεις,

475 2991 537 3060 σόν
560 2996 610 3074 οἷς
632 3000 781 3078 κορισμοὶ
804 3001 857 3061 καλ
880 2992 1086 3080 καταχρήσεις
1107 2991 1180 3072 ἅμα.

517 3105 671 3176 σκαμβῶν
693 3096 767 3175 μετ’
790 3093 874 3163 αότόι
895 3106 959 3164 νῦν
979 3105 1086 3176 μελῶν
1107 3104 1222 3178 κλῆσιν
1243 3091 1339 3173 μάθε·

474 3203 623 3280 λέγοντες
644 3195 727 3282 ἦσαν
749 3209 852 3265 ταῦτα
875 3216 1001 3282 καιροῖς
1022 3207 1090 3265 τῶν
1112 3196 1236 3278 πότων,

474 3299 600 3381 σκαμβά
623 3301 657 3367 δ’
679 3303 822 3382 ἔφασκον
845 3299 890 3379 ὡς
912 3302 1001 3368 διπλᾶ
1021 3309 1150 3380 μᾶλλον
1172 3295 1260 3365 τόδε·

431 3413 461 3463 85
475 3401 570 3470 ἀλλοι
593 3407 625 3468 δέ
647 3424 747 3484 φασιν
769 3400 815 3481 ὡς
836 3403 1016 3485 ἀναγκαῖον
1037 3403 1151 3481 πότοις

474 3498 574 3572 ἀιδειν
595 3502 717 3589 ὑπῆρχε
738 3501 822 3588 πρὸς
843 3500 1038 3588 ψαλάγματα
1059 3503 1173 3587 λύρας·

473 3606 563 3686 ὅσοις
585 3609 660 3690 έυῆν
684 3612 716 3674 δέ
738 3614 892 3690 μηδαμῶς
913 3607 1015 3692 λόρας
1037 3613 1141 3690 τέχνη,

227 3850 275 3912 τῆν
292 3849 477 3915 παραβάσεων
498 3848 514 3911 ἢ
537 3849 622 3914 μέρη·
648 3841 772 3912 ἐκβάλλει
788 3850 841 3904 μέν
863 3849 896 3897 τὸ
915 3849 1052 3914 ἐπίρρημα
1069 3849 1098 3896 ἐκ
1118 3851 1169 3897 τοῦ
1184 3849 1313 3903 πέμπτου
1332 3847 1421 3896 τόπου
1439 3848 1487 3895 καὶ

227 3934 259 3982 τὸ
278 3933 470 4001 ἀντεπέρρημα
488 3935 516 3982 ἐκ
535 3938 585 3983 τοῦ
602 3927 733 3998 ἑβδόμου.
769 3934 932 4000 παράβασιν
950 3926 980 3980 δέ
1002 3925 1079 3982 καλοῖ
1100 3933 1132 3981 τὸ
1148 3933 1229 3999 γένος
1249 3934 1295 3981 καὶ
1317 3931 1487 3998 τὸπρῶτον

227 4017 347 4084 ὄρχημα·
373 4020 469 4085 τρίτον
479 4019 588 4085 μακρὸν
599 4021 645 4067 καὶ
658 4027 768 4085 πνῖγοε·
792 4020 927 4085 τέταρτον
946 4011 1034 4080 ὠιδὴν
1052 4017 1103 4080 τήν
1119 4020 1164 4067 καλ
1177 4019 1327 4085 δπέρρημα·
1352 4016 1487 4080 πέμπτην

226 4096 369 4166 ἀντωιδὴν
382 4104 433 4166 τήν
445 4105 490 4152 καλ
503 4103 709 4169 ἀντιπλρρημα·
727 4103 810 4154 ἕκτον
821 4105 959 4171 στροφήν·
976 4095 1100 4168 ἕβδομον
1112 4103 1301 4171 ἀντιοτροφήν
1336 4088 1339 4092 ’
1356 4102 1398 4152 57Ι
1408 4101 1485 4168 ἐπιρ-

225 4188 328 4254 ρήματι
345 4189 424 4238 oodd:
451 4203 516 4241 oorr.
534 4188 604 4238 Hort
690 4189 723 4239 65
749 4176 916 4255 ἀνθρώπων
932 4188 985 4237 ΑΜ
1071 4191 1104 4239 66
1129 4181 1276 4251 ἀντοωδην
1293 4187 1331 4237 sio
1348 4186 1414 4236 oodd

225 4273 258 4324 82
282 4275 394 4339 ακαμβά
416 4273 435 4324 i.
453 4288 476 4323 e.
495 4268 601 4330 σκολιά,
627 4289 693 4337 quoe
710 4277 800 4337 utpote
818 4273 974 4337 DIonyoiooo
990 4273 1105 4323 earmina
1121 4288 1180 4323 oum
1197 4272 1329 4324 comoedia
1345 4272 1486 4323 ooniunoto

224 4358 346 4410 trootavit
363 4359 442 4409 etiam
458 4357 536 4408 Vitae
552 4357 756 4422 Aristophanem
774 4363 871 4420 auctor,
889 4359 975 4420 qualis
991 4358 1020 4406 in
1036 4358 1137 4409 Veneto
1154 4358 1257 4408 ostensi
1274 4358 1332 4408 aliis
1348 4359 1486 4409 nonnullis

224 4441 356 4494 codicibus
373 4448 424 4507 est,
447 4444 481 4496 of.
499 4443 621 4494 Duebner
639 4443 724 4495 Sohol.
742 4443 789 4495 Ar.
807 4459 834 4508 p.
853 4443 975 4492 XXVIII
992 4443 1052 4494 adn.
