3164 4800
210 306 252 364 54
637 309 685 357 DE
702 307 882 359 comosum
899 309 1039 360 GRAECA

166 482 184 541 5
293 479 493 560 Exegetici
520 479 570 542 vel
591 477 750 540 enarrativi
778 478 889 559 species
911 489 985 541 sunt
1006 489 1079 540 tres:
1108 474 1287 559 α’γγελτική,
1311 475 1465 560 ἱστορική,

209 577 421 662 διδασκαλική.
510 576 678 662 ἀ’γγείτική
706 589 752 642 est
776 601 837 661 qua
858 583 1020 643 sententiae
1042 580 1221 654 scribuntur,
1248 589 1283 641 ut
1303 589 1349 641 est
1369 581 1505 642 Theo-ao

208 682 306 764 gnidis
333 682 416 757 liber,
449 683 518 744 item
545 682 658 756 chriae;
691 679 836 764 ίοτορική
864 692 910 745 est
936 704 998 764 qua
1018 683 1202 745 narrationes
1227 691 1257 743 et
1276 681 1467 762 genealogiae

107 796 112 806 '
209 793 437 866 componuntur,
459 794 494 846 ut
511 781 516 865 Ι
536 793 582 846 est
589 779 739 849 Ἡσιόδου
756 793 922 865 γυναικῶν
937 781 1119 866 κατάλογος
1133 794 1163 846 οι
1176 783 1297 858 similia
1321 789 1467 848 ὁιὸαοκα-
1493 808 1515 850 r·
1530 795 1571 840 483

208 884 280 969 λική
308 896 436 968 estque
457 885 717 967 comprehenditur
744 886 942 968 philosophia,
971 887 1162 968 Empedoclis
1182 896 1213 948 et
1232 886 1367 960 Lucreti,
1399 886 1469 947 item

208 988 380 1070 astrologia,
409 998 444 1050 ut
464 987 671 1070 phaenomena
690 984 821 1070 Ξιρᾰτου
843 998 874 1050 οι
895 989 1058 1063 Ciceronis,
1084 998 1115 1050 et
1134 989 1269 1070 georgica
1291 987 1416 1069 Vergilii
1437 998 1468 1050 et

207 1091 253 1152 his
276 1091 389 1154 similia
1472 1097 1502 1146 25

166 1197 184 1256 6
291 1201 446 1258 Κοινοῦ
467 1192 518 1256 vel
538 1193 705 1255 communis
727 1202 879 1274 poematos
902 1193 1014 1274 species
1036 1192 1132 1274 prima
1152 1201 1199 1254 est
1218 1190 1343 1266 heroica,
1366 1201 1401 1253 ut
1421 1201 1468 1254 est

209 1295 321 1358 Iliados
343 1304 373 1356 et
393 1294 556 1370 Aeneidos,
585 1293 718 1356 secunda
738 1293 868 1376 elegiaca
891 1316 908 1354 s
933 1316 950 1354 s
978 1304 1014 1356 ut
1031 1304 1081 1358 ,est
1101 1292 1275 1355 Archilochi
1295 1303 1325 1355 et
1347 1293 1465 1356 Horati

156 1400 190 1462 H
292 1399 451 1460 Poematcs
476 1404 730 1479 χαρακτῆρες
758 1406 830 1459 sunt
854 1405 1008 1478 quattuor:
1037 1392 1170 1478 μακρός,
1198 1391 1330 1477 βραχύς,
1359 1398 1466 1475 μέσος,

141 1580 143 1584 ρ
209 1496 398 1583 (ἀνθηρός).
476 1496 600 1580 μακρός
621 1508 668 1560 est
685 1495 851 1581 χαρακτήρ
874 1508 909 1560 ut
929 1496 1011 1580 apud
1032 1497 1199 1578 Vergilium
1219 1497 1252 1558 in
1272 1497 1333 1571 XI,
1354 1496 1407 1558 ubi
1428 1497 1466 1558 de

208 1602 336 1667 Camilla
356 1602 429 1663 facit
450 1601 650 1662 narrationem
672 1600 713 1661 sic
735 1606 774 1676 (c.
792 1604 875 1676 539),
895 1610 949 1662 aut
971 1609 1005 1661 ut
1026 1622 1058 1662 se
1078 1599 1192 1662 habent
1213 1598 1248 1661 H
1264 1607 1294 1660 et
1307 1599 1360 1660 HI
1374 1598 1463 1673 liber;
1477 1609 1507 1659 30

206 1700 329 1786 βραχύς
351 1713 397 1765 est
417 1713 453 1765 ut
473 1703 505 1763 in
519 1703 559 1776 V,
582 1701 634 1763 ubi
650 1701 687 1763 de
702 1701 878 1784 Ganymede
899 1703 1021 1764 strictim
1040 1711 1142 1763 narrat
1155 1701 1197 1764 sic
1212 1706 1251 1778 (ν.
1266 1703 1466 1777 250-,253g

95 1864 98 1871 .
207 1810 303 1884 μέσος
331 1816 378 1869 est
404 1814 439 1867 ut
466 1805 498 1866 in
520 1805 537 1866 I
559 1807 714 1881 (343qu
747 1813 793 1866 est
814 1805 893 1866 enim
914 1806 1058 1886 castigata
1078 1803 1215 1877 narratio,
1247 1804 1288 1865 sic
1309 1813 1410 1865 tamen
1432 1814 1468 1866 ut

208 1908 308 1970 omnia
329 1907 486 1989 complexa
507 1907 558 1980 sit;
592 1903 736 1988 ἀνθηρός
759 1915 793 1967 ut
814 1906 846 1968 in
868 1907 943 1981 VH,
969 1907 1021 1969 ubi
1042 1905 1249 1984 amoenitatem
1271 1905 1388 1968 luciae
1410 1905 1466 1968 flu-

209 2011 296 2071 minis
318 2009 511 2072 describendo
532 2008 605 2070 iacit
626 2010 827 2071 narrationem
849 2011 891 2071 sic
912 2015 952 2086 (ν.
976 2012 1123 2085 30-34).

143 2114 195 2176 HI
294 2113 398 2194 Epcs
420 2110 526 2174 dicitur
545 2131 649 2192 graece
671 2111 800 2173 carmine
820 2111 991 2174 hexametro
1013 2111 1182 2176 divinarum
1202 2131 1301 2172 rerum
1322 2118 1352 2170 et
1371 2108 1465 2171 heroi·
1479 2117 1510 2167 35

208 2235 310 2276 carum
329 2213 333 2296 Ι
352 2213 610 2293 humanarumque
627 2212 864 2295 comprehensio;
886 2214 967 2296 quod
987 2213 1142 2278 aGraeois
1164 2213 1206 2274 ita
1226 2211 1384 2274 definitum
1404 2221 1464 2273 est:
1492 2236 1516 2279 r·
1531 2224 1568 2268 rer

209 2317 285 2394 ἔπος
307 2319 396 2381 ἐστίν
419 2313 550 2398 περιοχὴ
572 2322 673 2380 θείων
695 2339 729 2381 τε
751 2322 805 2380 καί
827 2315 979 2398 ἡρωικῶν
1002 2308 1056 2381 καί
1078 2315 1302 2398 ἀνθρωπίνων
1320 2310 1465 2396 πραγμᾰ·

168 2421 187 2479 2
209 2442 285 2484 των.
332 2418 424 2480 latine
446 2417 537 2499 paulo
558 2419 743 2480 communius
765 2439 884 2480 carmen
906 2418 1033 2482 auditur.
1111 2439 1182 2500 epos
1204 2417 1330 2479 latinum
1352 2416 1464 2497 primus

208 2520 297 2600 digne
318 2521 435 2601 scripsit
448 2520 577 2595 Ennius,
600 2522 651 2600 qui
667 2541 713 2581 res
735 2521 939 2582 Romanorum
961 2519 1061 2582 decem
1083 2531 1113 2581 et
1133 2529 1200 2582 octo
1222 2519 1396 2600 complexus
1419 2529 1466 2580 est

207 2622 301 2697 libris,
322 2623 374 2704 qui
395 2629 425 2683 et
438 2621 576 2683 Annales
599 2621 808 2696 inscribuntur,
830 2622 911 2703 quod
933 2622 1119 2703 singulorum
1140 2621 1202 2683 fere
1216 2641 1365 2683 annorum
1379 2629 1465 2682 actus
1481 2631 1511 2680 40

208 2724 370 2797 continent,
393 2724 469 2785 sicut
489 2722 600 2804 publici
621 2723 748 2785 annales
770 2745 845 2804 quos
868 2723 1021 2805 pontifices
1037 2723 1207 2805 scribaeque
1221 2723 1391 2797 conficiunt,
1413 2721 1465 2784 vel

165 2829 185 2890 3
207 2826 337 2900 Romaia
365 2826 445 2906 quod
466 2827 671 2888 Romanorum
697 2847 743 2888 res
771 2835 869 2906 gestas
898 2825 1060 2890 declarant.
1146 2846 1217 2907 epos
1240 2834 1340 2887 autem
1361 2823 1463 2906 appel·

207 2927 294 3001 latur,
317 2937 352 2989 ιιι
372 2926 494 2991 Graecis
517 2927 622 3010 placet,
645 2925 732 3010 παρὰ
755 2925 791 2992 τὸ
815 2930 946 2993 ἕπεσθαι
969 2929 1004 2993 ἐν
1025 2927 1116 3013 αὐτῷ
1136 2925 1176 2993 τὰ
1199 2929 1270 3010 ἑξῆς
1290 2930 1369 3010 μέρη
1391 2939 1463 3004 τοῖς

206 3025 356 3110 πρώτοις.
403 3031 558 3111 praecipue
586 3051 656 3093 vero
681 3029 850 3092 hexameter
870 3051 974 3094 versus
997 3032 1074 3107 ἔπος
1095 3028 1209 3103 dicitur,
1237 3029 1378 3110 quoniam
1400 3028 1464 3109 qui-

85 3180 92 3191 .
205 3130 273 3192 dem
294 3130 352 3194 hoc
372 3152 461 3195 versu
482 3131 574 3194 verba
594 3133 729 3212 responsi
750 3133 782 3193 in
796 3143 937 3207 mutuam,
960 3142 995 3194 ut
1009 3133 1050 3194 sic
1064 3130 1194 3205 dixerim,
1217 3131 1462 3212 consequentiam
1476 3141 1505 3189 45

205 3234 320 3314 primus
342 3232 415 3296 deus
436 3243 520 3295 vates
543 3232 773 3315 comprehendit,
795 3234 876 3296 unde
897 3243 1002 3316 postea
1022 3233 1145 3296 abusive
1163 3232 1289 3296 verbum
1303 3242 1333 3294 et
1347 3232 1463 3294 solutae

164 3339 185 3399 4
207 3336 347 3398 orationis
374 3337 441 3418 ipsa
462 3336 607 3417 scriptura
628 3356 814 3418 consequens
839 3337 878 3399 ab
906 3336 972 3398 aliis
1001 3336 1078 3412 ἔπος
1106 3335 1226 3399 dictim.
1312 3334 1462 3420 ῥαψῳδία

276 3628 307 3678 19
324 3631 454 3689 poematos
472 3622 536 3678 add.
554 3621 749 3690 Reifferscheid
806 3626 837 3676 21
857 3624 939 3674 diriae
956 3621 1021 3676 ΒΜ
1078 3625 1112 3676 26
1128 3625 1175 3673 DE
1193 3624 1314 3674 salicia
1332 3623 1462 3674 POEMA-

206 3710 269 3762 TOS
288 3709 470 3761 COMMVNIS
554 3712 587 3762 27
606 3711 687 3759 chace
754 3706 892 3776 supplevit
912 3706 1011 3762 Vseocr
1026 3706 1104 3761 relat.
1122 3706 1199 3762 acad.
1216 3705 1288 3760 Βαν.
1305 3708 1389 3775 1892,
1410 3707 1465 3761 615

206 3793 252 3860 <ut
270 3801 309 3845 est
320 3796 472 3846 Callimachi
490 3801 516 3846 et
528 3796 655 3860 Properti,
674 3795 752 3846 tertia
768 3793 890 3860 iambica)
959 3795 1082 3845 archilcci
1099 3800 1125 3845 et
1142 3795 1240 3844 oratius
1309 3795 1342 3845 28
1361 3790 1412 3846 loci
1429 3791 1464 3846 dc

205 3878 404 3933 characteribus
416 3878 513 3947 prima
529 3878 612 3932 cerba
630 3880 770 3945 (poematos
788 3881 828 3930 ch.
846 3896 867 3930 s.
884 3881 1016 3944 quattuor)
1036 3877 1137 3946 accipit
1155 3877 1229 3931 ίοοαο
1246 3875 1279 3930 de
1296 3875 1373 3946 apice
1384 3876 1465 3946 porei

205 3981 266 4030 epos
283 3965 379 4016 dicitur
396 3993 431 4002 -
448 3972 477 4017 ut
494 3967 531 4016 sic
548 3967 660 4016 dixerim
677 3961 715 4032 (c.
730 3963 858 4032 35-45),
884 3962 1007 4032 sequitur
1027 3961 1128 4017 iterum
1150 3959 1281 4029 poematos
1304 3964 1464 4014 characteres

206 4055 266 4100 sunt
289 4051 317 4099 hi
338 4051 449 4114 brachys
471 4066 571 4101 macros
594 4066 684 4102 mesos.
719 4065 819 4101 macros
840 4055 879 4101 est
900 4065 922 4102 e.
941 4065 965 4116 q.
982 4065 1011 4116 a,
1040 4047 1136 4118 dando
1153 4064 1202 4102 tuo
1226 4045 1322 4102 ordine
1339 4046 1372 4101 dc
1389 4046 1465 4116 epita

200 4131 396 4201 praescitarum
490 4138 524 4188 30
542 4137 648 4186 secundi
665 4141 691 4187 et
708 4137 781 4187 tertii
797 4136 860 4186 libri
937 4139 970 4188 37
989 4141 1060 4186 esten
1133 4137 1166 4188 38
1184 4135 1258 4186 audit
1275 4132 1395 4200 Sectam·
1412 4132 1464 4188 alc·-

207 4217 273 4286 ραίιί
291 4218 400 4287 deficere
417 4217 525 4273 νίιίοίνα
621 4224 655 4273 39
673 4222 777 4286 scripsit
793 4221 816 4272 is
833 4222 879 4285 qui
981 4222 1069 4271 decem
1086 4226 1113 4271 et
1130 4225 1186 4271 octo
1204 4219 1289 4274 οίιονο
1308 4219 1370 4287 ίοοο,
1389 4223 1465 4285 qnin-

206 4306 289 4355 decim
310 4305 395 4359 altero
481 4309 515 4358 40
537 4307 687 4356 scribuntur
772 4309 804 4359 41
827 4305 976 4375 contineant
1065 4306 1167 4372 puplici
1189 4304 1274 4359 altero
1299 4304 1361 4372 ίοοο,
1388 4306 1465 4370 publi

154 4454 158 4461 1
205 4389 290 4445 altero
308 4389 372 4444 AM
453 4392 539 4444 41.·42
558 4393 602 4442 vel
619 4392 731 4442 romanis
808 4394 842 4444 43
860 4392 946 4442 autoic
963 4389 1048 4444 altero
1067 4389 1134 4456 loco,
1163 4392 1235 4441 autoi
1251 4389 1309 4458 fere
1326 4389 1412 4444 altero

206 4480 240 4530 46
257 4479 366 4530 verbum
384 4475 435 4531 del.
453 4473 528 4529 Ιοίιν
935 4480 938 4487 ’
