3164 4800
571 369 574 373 .
640 306 687 354 DE
704 304 886 355 οοιιουοιλ
902 305 1043 356 emm

465 478 590 558 Τζέτζηι
612 472 806 558 προσελθων
827 474 970 558 άκριβως
993 473 1082 541 άπαν
1103 473 1189 553 μάθε

461 575 562 657 λόγωι
584 582 708 658 διαυγεῖ
728 584 782 644 καί
804 592 902 658 σαφεῖ
921 584 975 644 καί
998 574 1177 655 συντόμωι·

460 685 513 745 καί
537 677 573 762 δὴ
598 677 636 745 τὸ
660 689 726 747 πᾶν
750 678 849 746 ἄκουε
870 688 991 745 λεπτῶι
1013 687 1073 744 τῶι
1095 676 1230 762 τρόπωι.

407 791 450 840 155
506 780 588 847 κατὰ
610 781 716 849 τόπον
738 791 872 866 πρῶτον
893 786 953 861 μέν
976 787 1019 860 είς
1040 785 1119 865 μέρη
1142 779 1212 861 δύο,

462 884 506 961 εἴς
527 908 562 949 τε
583 881 744 967 πρόσωπα
766 891 819 951 καλ
843 882 904 950 σὺν
927 882 1039 961 αὐτοῖς
1062 889 1106 962 είς
1128 881 1258 963 λόγους,

461 989 575 1069 τέχνην
597 991 713 1070 διαιρεῖ
732 983 889 1071 κωμικην,
912 992 1117 1068 τραγωιδίαν,

461 1093 515 1152 καί
536 1085 596 1171 τὴν
617 1096 729 1172 τρίτην
751 1096 891 1172 ποίησιν,
914 1085 933 1171 ἣ
956 1085 1086 1155 τούτων
1106 1091 1197 1169 μίση.

460 1187 500 1255 τά
522 1189 557 1255 δ’
579 1186 622 1255 αὖ
644 1189 805 1274 πρόσωπα
827 1193 972 1273 δευτέραι
994 1193 1142 1272 διαιρέσει

377 1369 380 1376 Δ
408 1302 450 1351 160
464 1296 508 1369 είς
530 1289 684 1375 σκηνικόν
706 1317 740 1358 τε
747 1299 815 1390 γιαί
834 1290 937 1376 χορὸν
959 1295 1065 1370 τέμνει
1087 1288 1197 1371 πάλιν,

460 1391 640 1478 ὑποκριτὴν
662 1395 719 1459 ένα
741 1419 774 1459 τε
796 1401 849 1460 καί
872 1392 1018 1473 πολλοὺς
1039 1397 1130 1474 λέγω.

460 1492 498 1561 τὸ
522 1493 676 1580 σκηνικὸν
699 1493 879 1579 πρόσωπον
902 1493 944 1562 αὖ
965 1500 1072 1575 τέμνει
1094 1493 1194 1560 πάλιν
1219 1528 1222 1535 ’

461 1600 505 1677 εἴς
526 1622 560 1664 τε
583 1596 738 1677 σκοποός,
762 1596 948 1680 σάλπιγγας,
971 1604 1015 1677 είς
1036 1595 1115 1676 τοὺς
1137 1597 1293 1678 ἀγγέλους

463 1702 653 1782 ἐξαγγέλους
674 1726 708 1766 τε
730 1699 812 1784 πρὸς
835 1707 939 1784 τρισίν
962 1700 1076 1784 οἷσπερ
1098 1704 1190 1781 λέγω.

407 1812 450 1862 165
463 1799 503 1867 τά
525 1810 586 1867 τοῦ
603 1812 709 1886 χοροῦ
731 1802 766 1869 δ’
788 1797 912 1886 άτμητα
935 1811 1104 1881 παντελῶς
1124 1807 1215 1883 λέγει.

502 1901 543 1968 τὰ
564 1913 632 1969 τῶν
654 1903 843 1987 προσώπων
865 1913 985 1971 ταῦτα·
1006 1901 1083 1983 τοὺς
1105 1901 1224 1986 λόγους
1246 1899 1345 1968 πάλιν

461 2007 533 2088 έξῆς
555 2011 671 2088 διαιρεῖ
690 2005 772 2092 πρὸς
793 2011 892 2090 μέτρα
915 2013 968 2073 καί
990 2003 1170 2090 περιόδους.

459 2111 558 2190 μέτρα
580 2116 754 2191 τροχαίους
776 2107 836 2174 σὺν
860 2106 986 2188 ἰάμβοις
1006 2133 1062 2187 μοι
1083 2104 1161 2188 νόει,

460 2205 539 2287 τοὺς
562 2208 596 2274 δ’
616 2206 661 2275 ἀὖ
685 2210 820 2289 ἰάμβους
842 2208 903 2276 σὺν
926 2209 1138 2286 α’ναπαίστοις
1159 2215 1320 2292 περίοδον.

405 2322 447 2372 170
462 2308 501 2376 τά
523 2314 622 2394 μέτρα
644 2321 746 2377 ταῦτα
769 2310 830 2378 σὺν
852 2310 1057 2395 περιδρόμοις
1079 2309 1145 2389 άμα

460 2410 561 2479 πάλιν
584 2420 699 2497 διαιρεῖ
718 2413 800 2497 πρὸς
821 2413 862 2482 τά
883 2418 1021 2497 τέσσαρα
1042 2416 1131 2496 μέρη,

461 2511 647 2597 προλόγους
669 2541 703 2581 τε
725 2518 828 2601 ῥῆσιν,
851 2513 1031 2582 έπεισόδιον
1053 2521 1107 2581 καί
1130 2513 1259 2594 ἔξοδον·

462 2623 506 2695 είς
527 2615 585 2695 τάς
607 2615 752 2698 ἀμοιβάς,
775 2623 819 2696 είς
840 2616 960 2699 λόγους
982 2615 1221 2700 κονρισμάτων,

401 2746 403 2750 ·
461 2727 505 2798 είς
527 2718 681 2804 σκηνικὴν
704 2718 804 2802 ωἰδήν
825 2711 860 2786 τε
881 2727 935 2786 καί
955 2718 1176 2804 χορευμάτων.

403 2833 445 2884 175
502 2820 562 2905 την
585 2820 739 2906 σκηνικὴν
762 2821 905 2905 ἄτμητον
928 2821 1028 2906 ωἰδὴν
1051 2820 1093 2889 αὖ
1116 2827 1217 2904 λέγει·

461 2922 520 3008 τὴν
541 2934 604 2990 τοῦ
622 2927 727 3008 χοροῦ
750 2930 783 2991 δέ
806 2935 939 3009 τετραχῆ
961 2929 1168 3009 τετμημένην,

439 3030 505 3104 -είς
527 3023 684 3108 πάροδον,
708 3025 917 3111 έπιπάροδον,
940 3024 1105 3109 στάσιμον,
1130 3023 1360 3110 όρχηματικόν·

463 3125 544 3209 άπερ
567 3132 655 3212 φέρει
678 3127 847 3207 σόμπαντα
869 3135 923 3194 καί
944 3136 1110 3208 κωμωιδία

461 3236 515 3295 καί
536 3226 597 3313 τὴν
619 3229 803 3312 παράβασιν
826 3233 858 3308 ές
879 3236 980 3298 πλέον
1005 3229 1134 3298 τούτων
1157 3234 1261 3313 φέρει·

407 3343 449 3394 180
463 3327 500 3415 ἧς
521 3329 734 3416 παραβάσεως
757 3329 837 3401 ἑπτά
859 3342 989 3400 τελοῦσι
1011 3332 1160 3416 τὰμέρη,

461 3431 481 3498 ἃ
504 3440 582 3517 πρίν
604 3443 716 3514 σαφῶς
737 3432 880 3517 η’γιουσας
903 3438 937 3501 ἐν
959 3444 1079 3501 λεπτοῖι
1101 3432 1202 3515 λόγωι

462 3534 507 3614 ὡς
529 3533 635 3602 πάντα
657 3535 779 3602 τᾶλλα·
801 3543 1029 3620 καλγστραφείς
1050 3542 1181 3617 βλέπων
1202 3532 1294 3614 μάθε.

504 3640 571 3703 ἐπεί
593 3643 626 3703 δέ
648 3646 757 3716 καλῶς
778 3635 884 3705 πάντα
907 3647 1020 3722 σοίπερ
1043 3637 1174 3722 έγράφη,

462 3738 562 3807 ἄκουε
583 3737 702 3807 λοιπόν
724 3748 756 3806 τί
776 3744 869 3819 τέλος
890 3747 1097 3824 τραγωιδίας·

407 3851 450 3902 185
463 3849 592 3925 μίμησις
613 3842 718 3927 ἠθῶν,
742 3840 904 3926 πράξεων,
927 3840 1140 3926 παθημάτων,

301 4047 350 4096 107
374 4048 420 4093 καί
438 4061 488 4096 om.
505 4047 556 4096 ΒΜ
635 4051 684 4100 169
708 4050 825 4112 ίάιιβοιιε
843 4042 975 4115 περίοδον
993 4051 1044 4098 οὑν
1061 4049 1243 4098 ἀναπαίστοις
1266 4046 1366 4095 omissis
1376 4045 1473 4095 'verbis

214 4133 279 4180 τοδε
301 4119 330 4179 δ’
351 4129 387 4179 αδ
405 4130 456 4179 ΒΜ
560 4134 610 4185 170
634 4127 867 4201 σνμπεριδρίμοιε
884 4133 962 4195 codd,
990 4127 1156 4200 περίδρομοι
1177 4133 1195 4182 i.
1213 4148 1239 4196 q.
1263 4125 1409 4198 περίοδον

216 4217 265 4267 172
284 4214 353 4282 πρδε
369 4208 466 4283 λόγους
482 4216 518 4277 A,
546 4211 640 4285 λόγονε
656 4219 718 4279 ΒΜ,
745 4220 777 4271 of.
795 4234 821 4269 v.
838 4219 879 4269 20.
899 4219 962 4278 123;
989 4212 1084 4285 λόγουε
1100 4211 1259 4279 ἐπεισόδιον
1276 4210 1374 4274 ἔξοδον
1391 4219 1473 4285 ῥῆσιν

215 4303 265 4350 ΒΜ
352 4301 401 4351 175
427 4300 479 4362 τὴν
497 4303 600 4366 σπηνήν
618 4297 706 4366 αἰιδήν
724 4303 850 4368 ἄτμητον
868 4303 904 4353 αδ
918 4301 940 4352 λ.
958 4303 1009 4352 ΒΜ
1096 4306 1144 4354 177
1166 4302 1205 4352 ele
1222 4319 1252 4352 τε
1269 4295 1396 4368 πάροδον
1413 4304 1473 4352 ίπι·

215 4379 343 4454 πάροδον
360 4385 431 4438 ἅμα·
458 4386 595 4452 στάσιμον
610 4387 663 4454 γάρ
682 4390 918 4455 συνοργηματικίν
936 4405 966 4456 τε
982 4389 1033 4438 ΒΜ
1120 4391 1169 4440 179
1194 4389 1245 4452 τήν
1266 4403 1316 4439 om.
1334 4389 1385 4438 ΒΜ

183 4540 186 4545 ⁴
214 4474 266 4524 180
281 4473 350 4539 μέρη
363 4471 548 4537 παραβάσεων
558 4471 631 4521 έπτά
643 4466 749 4522 τελοῦσι
766 4472 816 4521 ΒΜ
1044 4492 1047 4499 ·
