<?xml version="1.0" encoding="UTF-8"?>
<!DOCTYPE html PUBLIC "-//W3C//DTD XHTML 1.0 Transitional//EN"
    "http://www.w3.org/TR/xhtml1/DTD/xhtml1-transitional.dtd">
<html xmlns="http://www.w3.org/1999/xhtml" xml:lang="en" lang="en">
 <head>
  <title>
</title>
<meta http-equiv="Content-Type" content="text/html;charset=utf-8" />
  <meta name='ocr-system' content='tesseract 3.04.00' />
  <meta name='ocr-capabilities' content='ocr_page ocr_carea ocr_par ocr_line ocrx_word'/>
</head>
<body>
  <div class='ocr_page' id='page_1' title='image "./comicorvmgraeco01kaibgoog_0212.png"; bbox 0 0 3164 4800; ppageno 0'>
   <div class='ocr_carea' id='block_1_1' title="bbox 616 308 1415 370">
    <p class='ocr_par' dir='ltr' id='par_1_1' title="bbox 616 308 1415 370">
     <span class='ocr_line' id='line_1_1' title="bbox 616 308 1415 370; baseline 0.011 -9"><span class='ocrx_word' id='word_1_1' title='bbox 616 308 789 364; x_wconf 75' lang='grc' dir='ltr'><strong>ΣΩΠΑΤΡΟΥ</strong></span> <span class='ocrx_word' id='word_1_2' title='bbox 806 311 963 365; x_wconf 67' lang='lat' dir='ltr'><strong><em>innitent</em></strong></span> <span class='ocrx_word' id='word_1_3' title='bbox 1354 312 1415 370; x_wconf 77' lang='lat'><strong><em>195</em></strong></span> 
     </span>
    </p>
   </div>
   <div class='ocr_carea' id='block_1_2' title="bbox 157 474 1417 810">
    <p class='ocr_par' dir='ltr' id='par_1_2' title="bbox 157 474 1417 810">
     <span class='ocr_line' id='line_1_2' title="bbox 245 474 1417 555; baseline 0.006 -22"><span class='ocrx_word' id='word_1_4' title='bbox 245 478 350 533; x_wconf 85' lang='lat' dir='ltr'>Athen.</span> <span class='ocrx_word' id='word_1_5' title='bbox 362 477 489 535; x_wconf 80' lang='lat' dir='ltr'>111119a</span> <span class='ocrx_word' id='word_1_6' title='bbox 509 483 559 535; x_wconf 87' lang='grc' dir='ltr'><strong><em>καὶ</em></strong></span> <span class='ocrx_word' id='word_1_7' title='bbox 578 474 595 537; x_wconf 97' lang='lat'><em>5</em></span> <span class='ocrx_word' id='word_1_8' title='bbox 614 475 802 552; x_wconf 78' lang='grc' dir='ltr'><strong><em>Πλούταρχος</em></strong></span> <span class='ocrx_word' id='word_1_9' title='bbox 815 475 843 538; x_wconf 86' lang='grc' dir='ltr'><strong><em>Ὁ</em></strong></span> <span class='ocrx_word' id='word_1_10' title='bbox 859 480 913 550; x_wconf 79' lang='grc' dir='ltr'><strong><em>μὲν</em></strong></span> <span class='ocrx_word' id='word_1_11' title='bbox 930 474 1076 554; x_wconf 72' lang='grc' dir='ltr'><strong><em>ἡμίνηρος,</em></strong></span> <span class='ocrx_word' id='word_1_12' title='bbox 1093 476 1155 554; x_wconf 73' lang='grc' dir='ltr'><strong><em>ἔφη,</em></strong></span> <span class='ocrx_word' id='word_1_13' title='bbox 1174 484 1203 539; x_wconf 90' lang='grc' dir='ltr'><strong><em>τί</em></strong></span> <span class='ocrx_word' id='word_1_14' title='bbox 1219 482 1346 555; x_wconf 76' lang='grc' dir='ltr'><strong><em>διαφέρει</em></strong></span> <span class='ocrx_word' id='word_1_15' title='bbox 1364 485 1417 540; x_wconf 86' lang='grc' dir='ltr'><strong><em>τοῦ</em></strong></span> 
     </span>
     <span class='ocr_line' id='line_1_3' title="bbox 159 557 1416 639; baseline 0.002 -18"><span class='ocrx_word' id='word_1_16' title='bbox 159 563 337 636; x_wconf 76' lang='grc' dir='ltr'><strong><em>ἡμιταρίχου,</em></strong></span> <span class='ocrx_word' id='word_1_17' title='bbox 354 564 425 634; x_wconf 80' lang='grc' dir='ltr'><strong><em>(οὐ)</em></strong></span> <span class='ocrx_word' id='word_1_18' title='bbox 444 559 461 621; x_wconf 94' lang='lat'><em>5</em></span> <span class='ocrx_word' id='word_1_19' title='bbox 479 560 570 632; x_wconf 85' lang='grc' dir='ltr'><strong><em>καλὸς</em></strong></span> <span class='ocrx_word' id='word_1_20' title='bbox 586 561 667 634; x_wconf 76' lang='grc' dir='ltr'><strong><em>ὑμῶν</em></strong></span> <span class='ocrx_word' id='word_1_21' title='bbox 682 558 890 637; x_wconf 71' lang='grc' dir='ltr'><strong><em>Ἀρχέστρατος</em></strong></span> <span class='ocrx_word' id='word_1_22' title='bbox 906 565 1056 639; x_wconf 82' lang='grc' dir='ltr'><strong><em>μέμνηται;</em></strong></span> <span class='ocrx_word' id='word_1_23' title='bbox 1075 560 1139 624; x_wconf 77' lang='grc' dir='ltr'><strong><em>ἀλλ’</em></strong></span> <span class='ocrx_word' id='word_1_24' title='bbox 1162 557 1241 637; x_wconf 87' lang='grc' dir='ltr'><strong><em>όμως</em></strong></span> <span class='ocrx_word' id='word_1_25' title='bbox 1263 561 1416 638; x_wconf 78' lang='grc' dir='ltr'><strong><em>ὠνόμασεν</em></strong></span> 
     </span>
     <span class='ocr_line' id='line_1_4' title="bbox 158 641 1417 725; baseline 0.004 -21"><span class='ocrx_word' id='word_1_26' title='bbox 158 643 296 721; x_wconf 74' lang='grc' dir='ltr'><strong><em>ἡμίνηρον</em></strong></span> <span class='ocrx_word' id='word_1_27' title='bbox 324 642 341 705; x_wconf 96' lang='lat'><em>5</em></span> <span class='ocrx_word' id='word_1_28' title='bbox 365 645 479 721; x_wconf 81' lang='grc' dir='ltr'><strong><em>Πάφιος</em></strong></span> <span class='ocrx_word' id='word_1_29' title='bbox 502 656 537 709; x_wconf 89' lang='grc' dir='ltr'><strong><em>Σ.</em></strong></span> <span class='ocrx_word' id='word_1_30' title='bbox 561 649 593 708; x_wconf 77' lang='grc' dir='ltr'><strong><em>ἐν</em></strong></span> <span class='ocrx_word' id='word_1_31' title='bbox 616 647 776 707; x_wconf 83' lang='grc' dir='ltr'><strong><em>Μυστάκου</em></strong></span> <span class='ocrx_word' id='word_1_32' title='bbox 801 650 906 723; x_wconf 84' lang='grc' dir='ltr'><strong><em>θητίοιι</em></strong></span> <span class='ocrx_word' id='word_1_33' title='bbox 928 641 1020 718; x_wconf 66' lang='grc' dir='ltr'><strong><em>οὕτως</em></strong></span> <span class='ocrx_word' id='word_1_34' title='bbox 1037 645 1159 720; x_wconf 55' lang='grc' dir='ltr'><strong><em>(ἐδέξατ’</em></strong></span> <span class='ocrx_word' id='word_1_35' title='bbox 1178 694 1205 710; x_wconf 94' lang='grc'><strong><em>..</em></strong></span> <span class='ocrx_word' id='word_1_36' title='bbox 1227 646 1331 725; x_wconf 72' lang='grc' dir='ltr'><strong><em>ἡδονήν</em></strong></span> <span class='ocrx_word' id='word_1_37' title='bbox 1356 657 1417 721; x_wconf 79' lang='grc'><strong>(12).</strong></span> 
     </span>
     <span class='ocr_line' id='line_1_5' title="bbox 157 725 1314 810; baseline 0.003 -22"><span class='ocrx_word' id='word_1_38' title='bbox 157 738 205 790; x_wconf 83' lang='grc' dir='ltr'><strong><em>καί</em></strong></span> <span class='ocrx_word' id='word_1_39' title='bbox 224 731 277 791; x_wconf 89' lang='grc' dir='ltr'><strong><em>τὸν</em></strong></span> <span class='ocrx_word' id='word_1_40' title='bbox 296 730 460 806; x_wconf 79' lang='grc' dir='ltr'><strong><em>Μενδήσιον</em></strong></span> <span class='ocrx_word' id='word_1_41' title='bbox 478 725 571 802; x_wconf 80' lang='grc' dir='ltr'><strong><em>σότως</em></strong></span> <span class='ocrx_word' id='word_1_42' title='bbox 590 730 606 792; x_wconf 89' lang='lat'><em>5</em></span> <span class='ocrx_word' id='word_1_43' title='bbox 626 730 715 802; x_wconf 78' lang='grc' dir='ltr'><strong><em>αὐτὸς</em></strong></span> <span class='ocrx_word' id='word_1_44' title='bbox 732 735 884 807; x_wconf 79' lang='grc' dir='ltr'><strong><em>καταλέγει</em></strong></span> <span class='ocrx_word' id='word_1_45' title='bbox 897 729 1073 808; x_wconf 66' lang='grc' dir='ltr'><strong><em>ιΜενδήσιος</em></strong></span> <span class='ocrx_word' id='word_1_46' title='bbox 1092 776 1119 791; x_wconf 92' lang='grc'><strong><em>..</em></strong></span> <span class='ocrx_word' id='word_1_47' title='bbox 1138 732 1241 810; x_wconf 77' lang='grc' dir='ltr'><strong><em>πυρός’</em></strong></span> <span class='ocrx_word' id='word_1_48' title='bbox 1254 742 1314 804; x_wconf 79' lang='grc'><strong>(13).</strong></span> 
     </span>
    </p>
   </div>
   <div class='ocr_carea' id='block_1_3' title="bbox 246 831 800 905">
    <p class='ocr_par' dir='ltr' id='par_1_3' title="bbox 246 831 800 905">
     <span class='ocr_line' id='line_1_6' title="bbox 246 831 800 905; baseline 0.002 -15"><span class='ocrx_word' id='word_1_49' title='bbox 246 841 286 903; x_wconf 84' lang='grc'><strong><em>13,</em></strong></span> <span class='ocrx_word' id='word_1_50' title='bbox 306 841 328 890; x_wconf 90' lang='grc'><strong><em>1.</em></strong></span> <span class='ocrx_word' id='word_1_51' title='bbox 346 842 361 891; x_wconf 84' lang='grc'>2</span> <span class='ocrx_word' id='word_1_52' title='bbox 380 831 560 905; x_wconf 77' lang='grc' dir='ltr'><strong><em>εόξανδεσινι</em></strong></span> <span class='ocrx_word' id='word_1_53' title='bbox 579 855 648 894; x_wconf 84' lang='lat' dir='ltr'>corr.</span> <span class='ocrx_word' id='word_1_54' title='bbox 665 839 800 894; x_wconf 73' lang='lat' dir='ltr'>Mnsume</span> 
     </span>
    </p>
   </div>
   <div class='ocr_carea' id='block_1_4' title="bbox 705 1053 860 1242">
    <p class='ocr_par' dir='ltr' id='par_1_4' title="bbox 705 1053 860 1242">
     <span class='ocr_line' id='line_1_7' title="bbox 705 1053 860 1111; baseline -0.013 0"><span class='ocrx_word' id='word_1_55' title='bbox 705 1053 860 1111; x_wconf 75' lang='grc' dir='ltr'><em>ΝΕΚΥΙΑ</em></span> 
     </span>
     <span class='ocr_line' id='line_1_8' title="bbox 766 1185 806 1242; baseline 0 0"><span class='ocrx_word' id='word_1_56' title='bbox 766 1185 806 1242; x_wconf 90' lang='grc'><strong><em>14</em></strong></span> 
     </span>
    </p>
   </div>
   <div class='ocr_carea' id='block_1_5' title="bbox 383 1314 1166 1504">
    <p class='ocr_par' dir='ltr' id='par_1_5' title="bbox 383 1314 1166 1504">
     <span class='ocr_line' id='line_1_9' title="bbox 383 1314 1166 1401; baseline 0 -17"><span class='ocrx_word' id='word_1_57' title='bbox 383 1316 504 1398; x_wconf 63' lang='grc' dir='ltr'><strong><em>Ἰδακος</em></strong></span> <span class='ocrx_word' id='word_1_58' title='bbox 528 1315 706 1399; x_wconf 70' lang='grc' dir='ltr'><strong><em>Ὀδυσσεύς,</em></strong></span> <span class='ocrx_word' id='word_1_59' title='bbox 735 1316 833 1383; x_wconf 81' lang='grc' dir='ltr'><strong><em>τοόπί</em></strong></span> <span class='ocrx_word' id='word_1_60' title='bbox 855 1325 906 1400; x_wconf 85' lang='grc' dir='ltr'><strong><em>τῆι</em></strong></span> <span class='ocrx_word' id='word_1_61' title='bbox 929 1325 1027 1400; x_wconf 85' lang='grc' dir='ltr'><strong><em>φακῆι</em></strong></span> <span class='ocrx_word' id='word_1_62' title='bbox 1049 1314 1166 1401; x_wconf 81' lang='grc' dir='ltr'><strong><em>μόρον,</em></strong></span> 
     </span>
     <span class='ocr_line' id='line_1_10' title="bbox 383 1418 816 1504; baseline -0.009 -19"><span class='ocrx_word' id='word_1_63' title='bbox 383 1418 534 1504; x_wconf 87' lang='grc' dir='ltr'><strong><em>πάρεστι·</em></strong></span> <span class='ocrx_word' id='word_1_64' title='bbox 566 1418 695 1504; x_wconf 79' lang='grc' dir='ltr'><strong><em>θάρσει,</em></strong></span> <span class='ocrx_word' id='word_1_65' title='bbox 722 1423 816 1497; x_wconf 71' lang='grc' dir='ltr'><strong><em>θυμέ.</em></strong></span> 
     </span>
    </p>
   </div>
   <div class='ocr_carea' id='block_1_6' title="bbox 153 1525 1416 1862">
    <p class='ocr_par' dir='ltr' id='par_1_6' title="bbox 153 1525 1416 1862">
     <span class='ocr_line' id='line_1_11' title="bbox 242 1525 1416 1608; baseline 0.001 -16"><span class='ocrx_word' id='word_1_66' title='bbox 242 1536 347 1592; x_wconf 87' lang='lat' dir='ltr'>Athen.</span> <span class='ocrx_word' id='word_1_67' title='bbox 366 1536 405 1592; x_wconf 90' lang='lat' dir='ltr'><strong><em>IV</em></strong></span> <span class='ocrx_word' id='word_1_68' title='bbox 424 1537 522 1592; x_wconf 68' lang='grc' dir='ltr'><strong><em>λδθυο</em></strong></span> <span class='ocrx_word' id='word_1_69' title='bbox 540 1532 556 1593; x_wconf 89' lang='lat'><em>5</em></span> <span class='ocrx_word' id='word_1_70' title='bbox 576 1542 611 1595; x_wconf 90' lang='grc' dir='ltr'><strong><em>Σ.</em></strong></span> <span class='ocrx_word' id='word_1_71' title='bbox 631 1537 660 1594; x_wconf 79' lang='grc' dir='ltr'><strong><em>δὲ</em></strong></span> <span class='ocrx_word' id='word_1_72' title='bbox 679 1578 686 1593; x_wconf 94' lang='grc'><strong>.</strong></span> <span class='ocrx_word' id='word_1_73' title='bbox 704 1578 710 1591; x_wconf 92' lang='grc'><strong>.</strong></span> <span class='ocrx_word' id='word_1_74' title='bbox 729 1533 762 1593; x_wconf 80' lang='grc' dir='ltr'><strong><em>ἐν</em></strong></span> <span class='ocrx_word' id='word_1_75' title='bbox 783 1537 903 1593; x_wconf 86' lang='grc' dir='ltr'><strong><em>Νεκυίαι</em></strong></span> <span class='ocrx_word' id='word_1_76' title='bbox 923 1533 1094 1608; x_wconf 80' lang='grc' dir='ltr'><strong><em>μνημονεύει</em></strong></span> <span class='ocrx_word' id='word_1_77' title='bbox 1117 1539 1177 1607; x_wconf 79' lang='grc' dir='ltr'><strong><em>(τῆς</em></strong></span> <span class='ocrx_word' id='word_1_78' title='bbox 1198 1539 1299 1608; x_wconf 80' lang='grc' dir='ltr'><strong><em>φακῆς)</em></strong></span> <span class='ocrx_word' id='word_1_79' title='bbox 1324 1525 1416 1602; x_wconf 78' lang='grc' dir='ltr'><strong><em>οότως</em></strong></span> 
     </span>
     <span class='ocr_line' id='line_1_12' title="bbox 153 1614 1415 1695; baseline -0.002 -16"><span class='ocrx_word' id='word_1_80' title='bbox 153 1617 280 1688; x_wconf 71' lang='grc' dir='ltr'><strong><em>ιἼθακος</em></strong></span> <span class='ocrx_word' id='word_1_81' title='bbox 293 1662 299 1676; x_wconf 93' lang='grc'><strong>.</strong></span> <span class='ocrx_word' id='word_1_82' title='bbox 313 1664 320 1677; x_wconf 94' lang='grc'><strong>.</strong></span> <span class='ocrx_word' id='word_1_83' title='bbox 333 1616 427 1692; x_wconf 58' lang='grc' dir='ltr'><strong><em>δυμὲἶ</em></strong></span> <span class='ocrx_word' id='word_1_84' title='bbox 464 1622 614 1694; x_wconf 81' lang='grc' dir='ltr'><strong><em>Κλέαρχος</em></strong></span> <span class='ocrx_word' id='word_1_85' title='bbox 631 1622 661 1679; x_wconf 81' lang='grc' dir='ltr'><strong><em>δὲ</em></strong></span> <span class='ocrx_word' id='word_1_86' title='bbox 680 1615 696 1676; x_wconf 89' lang='lat'><em>5</em></span> <span class='ocrx_word' id='word_1_87' title='bbox 716 1614 776 1678; x_wconf 81' lang='grc' dir='ltr'><strong><em>άπὸ</em></strong></span> <span class='ocrx_word' id='word_1_88' title='bbox 790 1624 843 1678; x_wconf 84' lang='grc' dir='ltr'><strong><em>τοῦ</em></strong></span> <span class='ocrx_word' id='word_1_89' title='bbox 855 1616 1017 1694; x_wconf 75' lang='grc' dir='ltr'><strong><em>περιπάτου</em></strong></span> <span class='ocrx_word' id='word_1_90' title='bbox 1034 1620 1066 1678; x_wconf 82' lang='grc' dir='ltr'><strong><em>ἐν</em></strong></span> <span class='ocrx_word' id='word_1_91' title='bbox 1083 1629 1145 1686; x_wconf 87' lang='grc' dir='ltr'><strong><em>τοῖς</em></strong></span> <span class='ocrx_word' id='word_1_92' title='bbox 1164 1623 1234 1695; x_wconf 79' lang='grc' dir='ltr'><strong><em>Περὶ</em></strong></span> <span class='ocrx_word' id='word_1_93' title='bbox 1251 1625 1415 1693; x_wconf 81' lang='grc' dir='ltr'><strong><em>παροιμιῶν</em></strong></span> 
     </span>
     <span class='ocr_line' id='line_1_13' title="bbox 158 1695 1413 1782; baseline -0.002 -18"><span class='ocrx_word' id='word_1_94' title='bbox 158 1703 197 1774; x_wconf 79' lang='grc' dir='ltr'><strong><em>ὡς</em></strong></span> <span class='ocrx_word' id='word_1_95' title='bbox 214 1710 374 1782; x_wconf 87' lang='grc' dir='ltr'><strong><em>παροιμίαν</em></strong></span> <span class='ocrx_word' id='word_1_96' title='bbox 392 1700 554 1781; x_wconf 88' lang='grc' dir='ltr'><strong><em>άναγράφει</em></strong></span> <span class='ocrx_word' id='word_1_97' title='bbox 572 1704 607 1764; x_wconf 87' lang='grc' dir='ltr'><strong><em>τὸ</em></strong></span> <span class='ocrx_word' id='word_1_98' title='bbox 625 1704 672 1763; x_wconf 74' lang='grc' dir='ltr'><strong><em>ἐπὶ</em></strong></span> <span class='ocrx_word' id='word_1_99' title='bbox 690 1710 736 1777; x_wconf 82' lang='grc' dir='ltr'><strong><em>τῆι</em></strong></span> <span class='ocrx_word' id='word_1_100' title='bbox 752 1707 842 1778; x_wconf 83' lang='grc' dir='ltr'><strong><em>φακῆι</em></strong></span> <span class='ocrx_word' id='word_1_101' title='bbox 855 1701 957 1777; x_wconf 81' lang='grc' dir='ltr'><strong><em>μόρον,</em></strong></span> <span class='ocrx_word' id='word_1_102' title='bbox 974 1695 1007 1778; x_wconf 79' lang='grc' dir='ltr'><strong><em>ἧς</em></strong></span> <span class='ocrx_word' id='word_1_103' title='bbox 1024 1706 1162 1778; x_wconf 85' lang='grc' dir='ltr'><strong><em>μέμνηται</em></strong></span> <span class='ocrx_word' id='word_1_104' title='bbox 1178 1709 1227 1762; x_wconf 88' lang='grc' dir='ltr'><strong><em>καί</em></strong></span> <span class='ocrx_word' id='word_1_105' title='bbox 1241 1699 1378 1778; x_wconf 76' lang='grc' dir='ltr'><strong><em>Οὐάρρίον</em></strong></span> <span class='ocrx_word' id='word_1_106' title='bbox 1397 1700 1413 1762; x_wconf 90' lang='lat'><em>5</em></span> 
     </span>
     <span class='ocr_line' id='line_1_14' title="bbox 161 1784 810 1862; baseline -0.006 -13"><span class='ocrx_word' id='word_1_107' title='bbox 161 1795 341 1858; x_wconf 83' lang='grc' dir='ltr'><strong><em>Μενίππειος</em></strong></span> <span class='ocrx_word' id='word_1_108' title='bbox 358 1784 538 1862; x_wconf 79' lang='grc' dir='ltr'><strong><em>καλούμενος</em></strong></span> <span class='ocrx_word' id='word_1_109' title='bbox 556 1796 591 1862; x_wconf 90' lang='lat' dir='ltr'><strong><em>(p.</em></strong></span> <span class='ocrx_word' id='word_1_110' title='bbox 610 1796 660 1846; x_wconf 82' lang='lat'><strong><em>219</em></strong></span> <span class='ocrx_word' id='word_1_111' title='bbox 679 1792 721 1846; x_wconf 88' lang='lat' dir='ltr'><strong><em>ed.</em></strong></span> <span class='ocrx_word' id='word_1_112' title='bbox 740 1792 810 1856; x_wconf 71' lang='lat'>313).</span> 
     </span>
    </p>
   </div>
   <div class='ocr_carea' id='block_1_7' title="bbox 160 1887 1415 2049">
    <p class='ocr_par' dir='ltr' id='par_1_7' title="bbox 160 1887 1415 2049">
     <span class='ocr_line' id='line_1_15' title="bbox 160 1887 1415 2034; baseline -0.003 -85"><span class='ocrx_word' id='word_1_113' title='bbox 160 1979 179 2034; x_wconf 67' lang='lat' dir='ltr'>S</span> <span class='ocrx_word' id='word_1_114' title='bbox 246 1891 332 1951; x_wconf 67' lang='lat' dir='ltr'><strong><em>the.</em></strong></span> <span class='ocrx_word' id='word_1_115' title='bbox 350 1887 399 1953; x_wconf 83' lang='grc' dir='ltr'><strong><em>Ὀδ.</em></strong></span> <span class='ocrx_word' id='word_1_116' title='bbox 417 1893 558 1964; x_wconf 85' lang='lat' dir='ltr'>Euripidis</span> <span class='ocrx_word' id='word_1_117' title='bbox 576 1893 663 1948; x_wconf 85' lang='lat' dir='ltr'>verba</span> <span class='ocrx_word' id='word_1_118' title='bbox 682 1892 756 1964; x_wconf 82' lang='lat' dir='ltr'>Cyel.</span> <span class='ocrx_word' id='word_1_119' title='bbox 777 1897 838 1959; x_wconf 87' lang='lat'>101;</span> <span class='ocrx_word' id='word_1_120' title='bbox 861 1908 895 1947; x_wconf 86' lang='lat' dir='ltr'><strong><em>ex</em></strong></span> <span class='ocrx_word' id='word_1_121' title='bbox 913 1892 1053 1962; x_wconf 68' lang='lat' dir='ltr'><strong><em>Eun&#39;pide</em></strong></span> <span class='ocrx_word' id='word_1_122' title='bbox 1073 1907 1132 1946; x_wconf 89' lang='lat' dir='ltr'><strong><em>non</em></strong></span> <span class='ocrx_word' id='word_1_123' title='bbox 1149 1907 1164 1946; x_wconf 89' lang='lat' dir='ltr'>e</span> <span class='ocrx_word' id='word_1_124' title='bbox 1183 1891 1300 1961; x_wconf 81' lang='lat' dir='ltr'>Sopatro</span> <span class='ocrx_word' id='word_1_125' title='bbox 1318 1893 1415 1947; x_wconf 78' lang='lat' dir='ltr'><strong><em>citavit</em></strong></span> 
     </span>
     <span class='ocr_line' id='line_1_16' title="bbox 179 1980 509 2049; baseline -0.003 -15"><span class='ocrx_word' id='word_1_126' title='bbox 179 1980 253 2049; x_wconf 86' lang='lat' dir='ltr'>teph.</span> <span class='ocrx_word' id='word_1_127' title='bbox 271 1980 303 2033; x_wconf 89' lang='lat' dir='ltr'><strong><em>B.</em></strong></span> <span class='ocrx_word' id='word_1_128' title='bbox 321 1996 348 2048; x_wconf 90' lang='lat' dir='ltr'><strong><em>p.</em></strong></span> <span class='ocrx_word' id='word_1_129' title='bbox 367 1983 426 2045; x_wconf 80' lang='lat'><strong>328,</strong></span> <span class='ocrx_word' id='word_1_130' title='bbox 444 1984 486 2033; x_wconf 82' lang='grc'><strong><em>24.</em></strong></span> <span class='ocrx_word' id='word_1_131' title='bbox 507 2039 509 2046; x_wconf 55' lang='grc'>,</span> 
     </span>
    </p>
   </div>
   <div class='ocr_carea' id='block_1_8' title="bbox 690 2175 882 2234">
    <p class='ocr_par' dir='ltr' id='par_1_8' title="bbox 690 2175 882 2234">
     <span class='ocr_line' id='line_1_17' title="bbox 690 2175 882 2234; baseline -0.01 0"><span class='ocrx_word' id='word_1_132' title='bbox 690 2175 882 2234; x_wconf 80' lang='grc' dir='ltr'><em>ΟΡΕΣΤΗΣ</em></span> 
     </span>
    </p>
   </div>
   <div class='ocr_carea' id='block_1_9' title="bbox 243 2307 1058 2493">
    <p class='ocr_par' dir='ltr' id='par_1_9' title="bbox 243 2307 1058 2493">
     <span class='ocr_line' id='line_1_18' title="bbox 764 2307 803 2365; baseline 0.026 -1"><span class='ocrx_word' id='word_1_133' title='bbox 764 2307 803 2365; x_wconf 86' lang='grc'><strong><em>15</em></strong></span> 
     </span>
     <span class='ocr_line' id='line_1_19' title="bbox 243 2409 1058 2493; baseline -0.001 -20"><span class='ocrx_word' id='word_1_134' title='bbox 243 2418 348 2474; x_wconf 82' lang='lat' dir='ltr'><strong>Athen.</strong></span> <span class='ocrx_word' id='word_1_135' title='bbox 366 2419 407 2476; x_wconf 89' lang='lat' dir='ltr'><strong><em>VI</em></strong></span> <span class='ocrx_word' id='word_1_136' title='bbox 424 2424 495 2476; x_wconf 82' lang='lat' dir='ltr'><strong><em>230e</em></strong></span> <span class='ocrx_word' id='word_1_137' title='bbox 519 2422 568 2477; x_wconf 83' lang='grc' dir='ltr'><strong><em>καὶ</em></strong></span> <span class='ocrx_word' id='word_1_138' title='bbox 587 2422 622 2475; x_wconf 89' lang='grc' dir='ltr'><strong><em>Σ.</em></strong></span> <span class='ocrx_word' id='word_1_139' title='bbox 640 2410 669 2474; x_wconf 85' lang='grc' dir='ltr'><strong><em>δ’</em></strong></span> <span class='ocrx_word' id='word_1_140' title='bbox 688 2412 705 2475; x_wconf 92' lang='lat'><em>5</em></span> <span class='ocrx_word' id='word_1_141' title='bbox 725 2414 871 2493; x_wconf 87' lang='grc' dir='ltr'><strong><em>παρωιδὸς</em></strong></span> <span class='ocrx_word' id='word_1_142' title='bbox 889 2414 921 2475; x_wconf 77' lang='grc' dir='ltr'><strong><em>ἐν</em></strong></span> <span class='ocrx_word' id='word_1_143' title='bbox 937 2409 1058 2489; x_wconf 80' lang='grc' dir='ltr'><strong><em>Ὀρέστηι</em></strong></span> 
     </span>
    </p>
   </div>
   <div class='ocr_carea' id='block_1_10' title="bbox 426 2538 1153 2625">
    <p class='ocr_par' dir='ltr' id='par_1_10' title="bbox 426 2538 1153 2625">
     <span class='ocr_line' id='line_1_20' title="bbox 426 2538 1153 2625; baseline -0.007 -19"><span class='ocrx_word' id='word_1_144' title='bbox 426 2539 552 2625; x_wconf 89' lang='grc' dir='ltr'><strong><em>σαπρὸν</em></strong></span> <span class='ocrx_word' id='word_1_145' title='bbox 575 2548 732 2623; x_wconf 77' lang='grc' dir='ltr'><strong><em>σίλουρον</em></strong></span> <span class='ocrx_word' id='word_1_146' title='bbox 755 2538 919 2623; x_wconf 86' lang='grc' dir='ltr'><strong><em>άργυροῶς</em></strong></span> <span class='ocrx_word' id='word_1_147' title='bbox 941 2545 1039 2618; x_wconf 82' lang='grc' dir='ltr'><strong><em>πίναξ</em></strong></span> <span class='ocrx_word' id='word_1_148' title='bbox 1062 2540 1153 2620; x_wconf 73' lang='grc' dir='ltr'><strong><em>ἔχων.</em></strong></span> 
     </span>
    </p>
   </div>
   <div class='ocr_carea' id='block_1_11' title="bbox 242 2769 1242 2964">
    <p class='ocr_par' dir='ltr' id='par_1_11' title="bbox 242 2769 1242 2964">
     <span class='ocr_line' id='line_1_21' title="bbox 721 2769 857 2826; baseline 0 0"><span class='ocrx_word' id='word_1_149' title='bbox 721 2769 857 2826; x_wconf 71' lang='grc' dir='ltr'><em>ΠῩΑΑΙ</em></span> 
     </span>
     <span class='ocr_line' id='line_1_22' title="bbox 242 2891 1242 2964; baseline -0.001 -16"><span class='ocrx_word' id='word_1_150' title='bbox 242 2894 338 2949; x_wconf 83' lang='lat' dir='ltr'>titulus</span> <span class='ocrx_word' id='word_1_151' title='bbox 356 2895 500 2964; x_wconf 76' lang='lat' dir='ltr'>obscurus3</span> <span class='ocrx_word' id='word_1_152' title='bbox 521 2896 632 2952; x_wconf 80' lang='grc' dir='ltr'><strong><em>Πυλαία</em></strong></span> <span class='ocrx_word' id='word_1_153' title='bbox 652 2893 764 2960; x_wconf 82' lang='lat' dir='ltr'>Cratini,</span> <span class='ocrx_word' id='word_1_154' title='bbox 783 2897 905 2950; x_wconf 86' lang='grc' dir='ltr'><strong><em>Πυλαῖαι</em></strong></span> <span class='ocrx_word' id='word_1_155' title='bbox 922 2892 1052 2948; x_wconf 85' lang='lat' dir='ltr'>Alexidis</span> <span class='ocrx_word' id='word_1_156' title='bbox 1069 2893 1164 2948; x_wconf 81' lang='lat' dir='ltr'><strong>fabula</strong></span> <span class='ocrx_word' id='word_1_157' title='bbox 1181 2891 1242 2947; x_wconf 83' lang='lat' dir='ltr'>fuit.</span> 
     </span>
    </p>
   </div>
   <div class='ocr_carea' id='block_1_12' title="bbox 763 3087 802 3148">
    <p class='ocr_par' dir='ltr' id='par_1_12' title="bbox 763 3087 802 3148">
     <span class='ocr_line' id='line_1_23' title="bbox 763 3087 802 3148; baseline 0.026 -1"><span class='ocrx_word' id='word_1_158' title='bbox 763 3087 802 3148; x_wconf 88' lang='grc'><strong><em>16</em></strong></span> 
     </span>
    </p>
   </div>
   <div class='ocr_carea' id='block_1_13' title="bbox 157 3207 1412 3376">
    <p class='ocr_par' dir='ltr' id='par_1_13' title="bbox 157 3207 1412 3376">
     <span class='ocr_line' id='line_1_24' title="bbox 241 3207 1412 3288; baseline -0.002 -15"><span class='ocrx_word' id='word_1_159' title='bbox 241 3218 395 3275; x_wconf 78' lang='lat' dir='ltr'>Athenlv</span> <span class='ocrx_word' id='word_1_160' title='bbox 408 3223 477 3274; x_wconf 76' lang='lat'><strong><em>1750</em></strong></span> <span class='ocrx_word' id='word_1_161' title='bbox 495 3212 531 3276; x_wconf 85' lang='grc' dir='ltr'><strong><em>όν</em></strong></span> <span class='ocrx_word' id='word_1_162' title='bbox 549 3218 575 3284; x_wconf 87' lang='lat' dir='ltr'><strong><em>(i.</em></strong></span> <span class='ocrx_word' id='word_1_163' title='bbox 585 3234 608 3273; x_wconf 87' lang='lat' dir='ltr'><strong><em>e.</em></strong></span> <span class='ocrx_word' id='word_1_164' title='bbox 627 3213 680 3274; x_wconf 84' lang='grc' dir='ltr'><strong><em>τὸν</em></strong></span> <span class='ocrx_word' id='word_1_165' title='bbox 698 3213 819 3288; x_wconf 87' lang='grc' dir='ltr'><strong><em>νάβλαν)</em></strong></span> <span class='ocrx_word' id='word_1_166' title='bbox 836 3216 905 3286; x_wconf 88' lang='grc' dir='ltr'><strong><em>φησί</em></strong></span> <span class='ocrx_word' id='word_1_167' title='bbox 923 3216 957 3269; x_wconf 90' lang='grc' dir='ltr'><strong><em>Σ.</em></strong></span> <span class='ocrx_word' id='word_1_168' title='bbox 978 3207 994 3270; x_wconf 93' lang='lat'><em>5</em></span> <span class='ocrx_word' id='word_1_169' title='bbox 1013 3209 1160 3286; x_wconf 83' lang='grc' dir='ltr'><strong><em>παρωιδὸς</em></strong></span> <span class='ocrx_word' id='word_1_170' title='bbox 1177 3211 1209 3270; x_wconf 74' lang='grc' dir='ltr'><strong><em>ἐν</em></strong></span> <span class='ocrx_word' id='word_1_171' title='bbox 1226 3218 1278 3270; x_wconf 90' lang='grc' dir='ltr'><strong><em>τῶι</em></strong></span> <span class='ocrx_word' id='word_1_172' title='bbox 1295 3212 1412 3286; x_wconf 74' lang='grc' dir='ltr'><strong><em>ἐπιγρα·</em></strong></span> 
     </span>
     <span class='ocr_line' id='line_1_25' title="bbox 157 3288 1378 3376; baseline -0.002 -18"><span class='ocrx_word' id='word_1_173' title='bbox 157 3302 285 3374; x_wconf 85' lang='grc' dir='ltr'><strong><em>φομένωι</em></strong></span> <span class='ocrx_word' id='word_1_174' title='bbox 303 3299 425 3376; x_wconf 86' lang='grc' dir='ltr'><strong><em>δράματι</em></strong></span> <span class='ocrx_word' id='word_1_175' title='bbox 443 3300 534 3361; x_wconf 84' lang='grc' dir='ltr'><strong><em>Μόλαι</em></strong></span> <span class='ocrx_word' id='word_1_176' title='bbox 553 3304 698 3361; x_wconf 79' lang='grc' dir='ltr'><strong><em>Φοινίκιον</em></strong></span> <span class='ocrx_word' id='word_1_177' title='bbox 715 3297 854 3360; x_wconf 82' lang='grc' dir='ltr'><strong><em>εἶναικαὶ</em></strong></span> <span class='ocrx_word' id='word_1_178' title='bbox 871 3302 979 3357; x_wconf 84' lang='grc' dir='ltr'><strong><em>τοῦτον</em></strong></span> <span class='ocrx_word' id='word_1_179' title='bbox 996 3288 1112 3371; x_wconf 75' lang='grc' dir='ltr'><strong><em>εόρημα.</em></strong></span> <span class='ocrx_word' id='word_1_180' title='bbox 1147 3298 1222 3372; x_wconf 78' lang='grc' dir='ltr'><strong><em>λέγει</em></strong></span> <span class='ocrx_word' id='word_1_181' title='bbox 1240 3292 1267 3354; x_wconf 76' lang='grc' dir='ltr'><strong><em>δ’</em></strong></span> <span class='ocrx_word' id='word_1_182' title='bbox 1286 3290 1378 3364; x_wconf 79' lang='grc' dir='ltr'><strong><em>οότως</em></strong></span> 
     </span>
    </p>
   </div>
   <div class='ocr_carea' id='block_1_14' title="bbox 459 3417 1122 3614">
    <p class='ocr_par' dir='ltr' id='par_1_14' title="bbox 459 3417 1122 3614">
     <span class='ocr_line' id='line_1_26' title="bbox 650 3417 1122 3501; baseline -0.008 -10"><span class='ocrx_word' id='word_1_183' title='bbox 650 3417 726 3491; x_wconf 76' lang='grc' dir='ltr'><strong><em>οάτε</em></strong></span> <span class='ocrx_word' id='word_1_184' title='bbox 747 3432 809 3490; x_wconf 86' lang='grc' dir='ltr'><strong><em>τοῦ</em></strong></span> <span class='ocrx_word' id='word_1_185' title='bbox 831 3427 994 3488; x_wconf 84' lang='grc' dir='ltr'><strong><em>Σιδωνίου</em></strong></span> <span class='ocrx_word' id='word_1_186' title='bbox 1017 3418 1122 3501; x_wconf 85' lang='grc' dir='ltr'><strong><em>νάβλα</em></strong></span> 
     </span>
     <span class='ocr_line' id='line_1_27' title="bbox 459 3523 1104 3614; baseline -0.005 -19"><span class='ocrx_word' id='word_1_187' title='bbox 459 3525 716 3614; x_wconf 79' lang='grc' dir='ltr'><strong><em>λαρυγγόφωνος</em></strong></span> <span class='ocrx_word' id='word_1_188' title='bbox 739 3524 970 3610; x_wconf 81' lang='grc' dir='ltr'><strong><em>ἐκκεχόρδωται</em></strong></span> <span class='ocrx_word' id='word_1_189' title='bbox 994 3523 1104 3604; x_wconf 84' lang='grc' dir='ltr'><strong><em>τόπος.</em></strong></span> 
     </span>
    </p>
   </div>
   <div class='ocr_carea' id='block_1_15' title="bbox 155 3657 1411 3819">
    <p class='ocr_par' dir='ltr' id='par_1_15' title="bbox 155 3657 1411 3819">
     <span class='ocr_line' id='line_1_28' title="bbox 242 3657 1411 3737; baseline -0.003 -23"><span class='ocrx_word' id='word_1_190' title='bbox 242 3665 254 3714; x_wconf 91' lang='grc'><strong>1</strong></span> <span class='ocrx_word' id='word_1_191' title='bbox 275 3657 367 3735; x_wconf 87' lang='grc' dir='ltr'><strong><em>νάβλα</em></strong></span> <span class='ocrx_word' id='word_1_192' title='bbox 387 3658 510 3737; x_wconf 79' lang='grc' dir='ltr'><strong><em>(βαρὺς)</em></strong></span> <span class='ocrx_word' id='word_1_193' title='bbox 528 3663 690 3729; x_wconf 76' lang='grc' dir='ltr'><strong><em>Μοίηελῶυε,</em></strong></span> <span class='ocrx_word' id='word_1_194' title='bbox 707 3661 828 3717; x_wconf 83' lang='lat' dir='ltr'>numeris</span> <span class='ocrx_word' id='word_1_195' title='bbox 845 3677 903 3715; x_wconf 92' lang='lat' dir='ltr'><strong><em>non</em></strong></span> <span class='ocrx_word' id='word_1_196' title='bbox 920 3659 1002 3715; x_wconf 80' lang='lat' dir='ltr'>honis</span> <span class='ocrx_word' id='word_1_197' title='bbox 1085 3662 1099 3712; x_wconf 80' lang='lat'>2</span> <span class='ocrx_word' id='word_1_198' title='bbox 1119 3657 1228 3713; x_wconf 79' lang='lat' dir='ltr'><strong><em>chordis</em></strong></span> <span class='ocrx_word' id='word_1_199' title='bbox 1246 3664 1344 3713; x_wconf 82' lang='lat' dir='ltr'>exutus</span> <span class='ocrx_word' id='word_1_200' title='bbox 1361 3665 1411 3725; x_wconf 82' lang='lat' dir='ltr'>est,</span> 
     </span>
     <span class='ocr_line' id='line_1_29' title="bbox 155 3741 473 3819; baseline 0.013 -18"><span class='ocrx_word' id='word_1_201' title='bbox 155 3741 292 3818; x_wconf 72' lang='grc' dir='ltr'><strong><em>όκχορδος</em></strong></span> <span class='ocrx_word' id='word_1_202' title='bbox 310 3749 473 3819; x_wconf 83' lang='grc' dir='ltr'><strong><em>πεποίηται.</em></strong></span> 
     </span>
    </p>
   </div>
   <div class='ocr_carea' id='block_1_16' title="bbox 762 3923 800 3982">
    <p class='ocr_par' dir='ltr' id='par_1_16' title="bbox 762 3923 800 3982">
     <span class='ocr_line' id='line_1_30' title="bbox 762 3923 800 3982; baseline 0.026 -1"><span class='ocrx_word' id='word_1_203' title='bbox 762 3923 800 3982; x_wconf 82' lang='lat'><strong><em>17</em></strong></span> 
     </span>
    </p>
   </div>
   <div class='ocr_carea' id='block_1_17' title="bbox 154 4043 1412 4211">
    <p class='ocr_par' dir='ltr' id='par_1_17' title="bbox 154 4043 1412 4211">
     <span class='ocr_line' id='line_1_31' title="bbox 239 4043 1412 4124; baseline -0.005 -16"><span class='ocrx_word' id='word_1_204' title='bbox 239 4053 344 4110; x_wconf 85' lang='lat' dir='ltr'>Athen.</span> <span class='ocrx_word' id='word_1_205' title='bbox 362 4055 430 4111; x_wconf 88' lang='lat' dir='ltr'><strong><em>XIV</em></strong></span> <span class='ocrx_word' id='word_1_206' title='bbox 447 4058 521 4109; x_wconf 82' lang='grc' dir='ltr'><strong><em>649α</em></strong></span> <span class='ocrx_word' id='word_1_207' title='bbox 538 4053 573 4108; x_wconf 83' lang='lat' dir='ltr'><strong><em>de</em></strong></span> <span class='ocrx_word' id='word_1_208' title='bbox 591 4060 673 4124; x_wconf 79' lang='lat' dir='ltr'>copta</span> <span class='ocrx_word' id='word_1_209' title='bbox 688 4053 827 4121; x_wconf 77' lang='lat' dir='ltr'>placente:</span> <span class='ocrx_word' id='word_1_210' title='bbox 851 4043 867 4106; x_wconf 92' lang='lat'><em>5</em></span> <span class='ocrx_word' id='word_1_211' title='bbox 891 4047 921 4106; x_wconf 77' lang='grc' dir='ltr'><strong><em>δὲ</em></strong></span> <span class='ocrx_word' id='word_1_212' title='bbox 939 4045 1164 4122; x_wconf 83' lang='grc' dir='ltr'><strong><em>φλυακογράφος</em></strong></span> <span class='ocrx_word' id='word_1_213' title='bbox 1182 4052 1217 4105; x_wconf 88' lang='grc' dir='ltr'><strong><em>Σ.</em></strong></span> <span class='ocrx_word' id='word_1_214' title='bbox 1235 4045 1266 4104; x_wconf 79' lang='grc' dir='ltr'><strong><em>ἐν</em></strong></span> <span class='ocrx_word' id='word_1_215' title='bbox 1284 4051 1336 4104; x_wconf 87' lang='grc' dir='ltr'><strong><em>τῶι</em></strong></span> <span class='ocrx_word' id='word_1_216' title='bbox 1353 4045 1412 4104; x_wconf 80' lang='grc' dir='ltr'><strong><em>ἐπι-</em></strong></span> 
     </span>
     <span class='ocr_line' id='line_1_32' title="bbox 154 4134 694 4211; baseline -0.004 -15"><span class='ocrx_word' id='word_1_217' title='bbox 154 4141 341 4211; x_wconf 81' lang='grc' dir='ltr'><strong><em>γραφομένωι</em></strong></span> <span class='ocrx_word' id='word_1_218' title='bbox 358 4136 448 4198; x_wconf 83' lang='grc' dir='ltr'><strong><em>Πάλαι</em></strong></span> <span class='ocrx_word' id='word_1_219' title='bbox 466 4134 591 4210; x_wconf 87' lang='grc' dir='ltr'><strong><em>δράματί</em></strong></span> <span class='ocrx_word' id='word_1_220' title='bbox 608 4157 694 4211; x_wconf 91' lang='grc' dir='ltr'><strong><em>φησιν</em></strong></span> 
     </span>
    </p>
   </div>
   <div class='ocr_carea' id='block_1_18' title="bbox 358 4250 1190 4449">
    <p class='ocr_par' dir='ltr' id='par_1_18' title="bbox 358 4250 1190 4449">
     <span class='ocr_line' id='line_1_33' title="bbox 464 4250 1190 4342; baseline -0.01 -15"><span class='ocrx_word' id='word_1_221' title='bbox 464 4269 513 4339; x_wconf 87' lang='grc' dir='ltr'><strong><em>τίς</em></strong></span> <span class='ocrx_word' id='word_1_222' title='bbox 535 4258 570 4326; x_wconf 85' lang='grc' dir='ltr'><strong><em>δ’</em></strong></span> <span class='ocrx_word' id='word_1_223' title='bbox 591 4258 777 4342; x_wconf 79' lang='grc' dir='ltr'><strong><em>αὐαρίδμου</em></strong></span> <span class='ocrx_word' id='word_1_224' title='bbox 798 4255 951 4342; x_wconf 83' lang='grc' dir='ltr'><strong><em>μήκωνος</em></strong></span> <span class='ocrx_word' id='word_1_225' title='bbox 973 4250 1045 4339; x_wconf 72' lang='grc' dir='ltr'><strong><em>εὗρε</em></strong></span> <span class='ocrx_word' id='word_1_226' title='bbox 1066 4251 1190 4333; x_wconf 79' lang='grc' dir='ltr'><strong><em>κοπτὰς</em></strong></span> 
     </span>
     <span class='ocr_line' id='line_1_34' title="bbox 358 4358 1152 4449; baseline -0.01 -19"><span class='ocrx_word' id='word_1_227' title='bbox 358 4365 377 4449; x_wconf 83' lang='grc' dir='ltr'><strong><em>ἢ</em></strong></span> <span class='ocrx_word' id='word_1_228' title='bbox 399 4359 629 4447; x_wconf 77' lang='grc' dir='ltr'><strong><em>κνηκοπύρους</em></strong></span> <span class='ocrx_word' id='word_1_229' title='bbox 650 4359 770 4446; x_wconf 78' lang='grc' dir='ltr'><strong><em>ἡδονὰς</em></strong></span> <span class='ocrx_word' id='word_1_230' title='bbox 791 4358 1007 4444; x_wconf 88' lang='grc' dir='ltr'><strong><em>τραγημάτων</em></strong></span> <span class='ocrx_word' id='word_1_231' title='bbox 1029 4360 1134 4438; x_wconf 78' lang='grc' dir='ltr'><strong><em>ἔμιξεν</em></strong></span> <span class='ocrx_word' id='word_1_232' title='bbox 1140 4384 1152 4437; x_wconf 85' lang='grc'><strong><em>,·</em></strong></span> 
     </span>
    </p>
   </div>
   <div class='ocr_carea' id='block_1_19' title="bbox 0 0 1586 4800">
    <p class='ocr_par' dir='ltr' id='par_1_19' title="bbox 0 0 1586 4800">
     <span class='ocr_line' id='line_1_35' title="bbox 0 0 1586 4800; baseline 0 1"><span class='ocrx_word' id='word_1_233' title='bbox 0 0 1586 4800; x_wconf 95' lang='lat' dir='ltr'><strong><em> </em></strong></span> 
     </span>
    </p>
   </div>
  </div>
 </body>
</html>
