<?xml version="1.0" encoding="UTF-8"?>
<!DOCTYPE html PUBLIC "-//W3C//DTD XHTML 1.0 Transitional//EN"
    "http://www.w3.org/TR/xhtml1/DTD/xhtml1-transitional.dtd">
<html xmlns="http://www.w3.org/1999/xhtml" xml:lang="en" lang="en">
 <head>
  <title>
</title>
<meta http-equiv="Content-Type" content="text/html;charset=utf-8" />
  <meta name='ocr-system' content='tesseract 3.04.00' />
  <meta name='ocr-capabilities' content='ocr_page ocr_carea ocr_par ocr_line ocrx_word'/>
</head>
<body>
  <div class='ocr_page' id='page_1' title='image "./comicorvmgraeco01kaibgoog_0183.png"; bbox 0 0 3164 4800; ppageno 0'>
   <div class='ocr_carea' id='block_1_1' title="bbox 760 256 844 310">
    <p class='ocr_par' dir='ltr' id='par_1_1' title="bbox 760 256 844 310">
     <span class='ocr_line' id='line_1_1' title="bbox 760 256 844 310; baseline 0 0"><span class='ocrx_word' id='word_1_1' title='bbox 760 256 844 310; x_wconf 80' lang='lat' dir='ltr'><strong>lllMl</strong></span> 
     </span>
    </p>
   </div>
   <div class='ocr_carea' id='block_1_2' title="bbox 636 425 982 507">
    <p class='ocr_par' dir='ltr' id='par_1_2' title="bbox 636 425 982 507">
     <span class='ocr_line' id='line_1_2' title="bbox 636 425 982 507; baseline -0.006 -14"><span class='ocrx_word' id='word_1_2' title='bbox 636 425 676 493; x_wconf 82' lang='lat'><strong><em>65</em></strong></span> <span class='ocrx_word' id='word_1_3' title='bbox 701 432 754 507; x_wconf 83' lang='lat'><strong><em>(16</em></strong></span> <span class='ocrx_word' id='word_1_4' title='bbox 769 429 844 492; x_wconf 63' lang='lat'><strong><em>666.</em></strong></span> <span class='ocrx_word' id='word_1_5' title='bbox 871 432 912 492; x_wconf 75' lang='grc' dir='ltr'><strong><em>τι</em></strong></span> <span class='ocrx_word' id='word_1_6' title='bbox 928 431 982 506; x_wconf 76' lang='lat' dir='ltr'><strong><em>no)</em></strong></span> 
     </span>
    </p>
   </div>
   <div class='ocr_carea' id='block_1_3' title="bbox 175 535 1441 873">
    <p class='ocr_par' dir='ltr' id='par_1_3' title="bbox 175 535 1441 873">
     <span class='ocr_line' id='line_1_3' title="bbox 263 535 1441 619; baseline -0.003 -18"><span class='ocrx_word' id='word_1_7' title='bbox 263 545 368 601; x_wconf 82' lang='lat' dir='ltr'><strong>Athen.</strong></span> <span class='ocrx_word' id='word_1_8' title='bbox 387 546 440 600; x_wconf 85' lang='lat' dir='ltr'><strong><em>Vll</em></strong></span> <span class='ocrx_word' id='word_1_9' title='bbox 458 549 532 601; x_wconf 76' lang='lat'><strong>2876</strong></span> <span class='ocrx_word' id='word_1_10' title='bbox 554 541 735 618; x_wconf 77' lang='grc' dir='ltr'><strong><em>(βεμβράδες)</em></strong></span> <span class='ocrx_word' id='word_1_11' title='bbox 759 539 936 619; x_wconf 83' lang='grc' dir='ltr'><strong><em>Ἐπίχαρμος</em></strong></span> <span class='ocrx_word' id='word_1_12' title='bbox 958 585 990 599; x_wconf 88' lang='grc'><strong><em>..</em></strong></span> <span class='ocrx_word' id='word_1_13' title='bbox 1011 537 1220 618; x_wconf 76' lang='grc' dir='ltr'><strong><em>βαμβραδόνας</em></strong></span> <span class='ocrx_word' id='word_1_14' title='bbox 1243 535 1332 609; x_wconf 78' lang='grc' dir='ltr'><strong><em>αότᾶς</em></strong></span> <span class='ocrx_word' id='word_1_15' title='bbox 1353 547 1441 600; x_wconf 81' lang='grc' dir='ltr'><strong><em>καλεῖ</em></strong></span> 
     </span>
     <span class='ocr_line' id='line_1_4' title="bbox 176 623 1439 705; baseline -0.002 -19"><span class='ocrx_word' id='word_1_16' title='bbox 176 630 274 699; x_wconf 69' lang='lat'><strong>(1660)</strong></span> <span class='ocrx_word' id='word_1_17' title='bbox 293 671 319 686; x_wconf 82' lang='lat'><strong><em>..</em></strong></span> <span class='ocrx_word' id='word_1_18' title='bbox 337 635 385 688; x_wconf 88' lang='grc' dir='ltr'><strong><em>καί</em></strong></span> <span class='ocrx_word' id='word_1_19' title='bbox 404 636 438 688; x_wconf 94' lang='grc' dir='ltr'><strong><em>Σ.</em></strong></span> <span class='ocrx_word' id='word_1_20' title='bbox 457 629 490 688; x_wconf 77' lang='grc' dir='ltr'><strong><em>ἐν</em></strong></span> <span class='ocrx_word' id='word_1_21' title='bbox 506 623 656 703; x_wconf 75' lang='grc' dir='ltr'><strong><em>Ἀνδρείοις</em></strong></span> <span class='ocrx_word' id='word_1_22' title='bbox 672 626 898 705; x_wconf 77' lang='grc' dir='ltr'><strong><em>βαμβραδόνι</em></strong></span> <span class='ocrx_word' id='word_1_23' title='bbox 915 628 1054 705; x_wconf 81' lang='grc' dir='ltr'><strong><em>ῥαφεια.</em></strong></span> <span class='ocrx_word' id='word_1_24' title='bbox 1088 627 1366 698; x_wconf 77' lang='lat' dir='ltr'><strong>temptavitCasaub.</strong></span> <span class='ocrx_word' id='word_1_25' title='bbox 1385 625 1439 700; x_wconf 79' lang='grc' dir='ltr'><strong><em>ῥα-</em></strong></span> 
     </span>
     <span class='ocr_line' id='line_1_5' title="bbox 177 715 1440 789; baseline -0.002 -17"><span class='ocrx_word' id='word_1_26' title='bbox 177 717 248 789; x_wconf 90' lang='grc' dir='ltr'><strong><em>φίδι,</em></strong></span> <span class='ocrx_word' id='word_1_27' title='bbox 271 716 340 772; x_wconf 80' lang='lat' dir='ltr'><strong>latet</strong></span> <span class='ocrx_word' id='word_1_28' title='bbox 357 717 432 773; x_wconf 86' lang='lat' dir='ltr'><strong>aliud</strong></span> <span class='ocrx_word' id='word_1_29' title='bbox 449 717 527 772; x_wconf 86' lang='lat' dir='ltr'><strong>volut</strong></span> <span class='ocrx_word' id='word_1_30' title='bbox 543 721 699 789; x_wconf 82' lang='grc' dir='ltr'><strong><em>τραφερᾰι,</em></strong></span> <span class='ocrx_word' id='word_1_31' title='bbox 722 716 756 772; x_wconf 84' lang='lat' dir='ltr'><strong><em>ci.</em></strong></span> <span class='ocrx_word' id='word_1_32' title='bbox 776 715 908 781; x_wconf 79' lang='lat' dir='ltr'><strong>[Phoocn]</strong></span> <span class='ocrx_word' id='word_1_33' title='bbox 927 717 997 771; x_wconf 85' lang='lat' dir='ltr'><strong><em>XXI</em></strong></span> <span class='ocrx_word' id='word_1_34' title='bbox 1014 720 1047 770; x_wconf 92' lang='grc'><strong><em>44</em></strong></span> <span class='ocrx_word' id='word_1_35' title='bbox 1068 717 1118 772; x_wconf 85' lang='grc' dir='ltr'><strong><em>καί</em></strong></span> <span class='ocrx_word' id='word_1_36' title='bbox 1139 735 1181 781; x_wconf 88' lang='grc' dir='ltr'><strong><em>τις</em></strong></span> <span class='ocrx_word' id='word_1_37' title='bbox 1203 718 1262 771; x_wconf 81' lang='grc' dir='ltr'><strong><em>τών</em></strong></span> <span class='ocrx_word' id='word_1_38' title='bbox 1279 717 1440 787; x_wconf 78' lang='grc' dir='ltr'><strong><em>τραφερών</em></strong></span> 
     </span>
     <span class='ocr_line' id='line_1_6' title="bbox 175 800 856 873; baseline 0 -19"><span class='ocrx_word' id='word_1_39' title='bbox 175 801 237 866; x_wconf 85' lang='lat' dir='ltr'><strong>(ie.</strong></span> <span class='ocrx_word' id='word_1_40' title='bbox 255 801 380 870; x_wconf 79' lang='lat' dir='ltr'>piscium)</span> <span class='ocrx_word' id='word_1_41' title='bbox 399 800 536 873; x_wconf 80' lang='grc' dir='ltr'><strong><em>ώρέξατο.</em></strong></span> <span class='ocrx_word' id='word_1_42' title='bbox 570 819 598 856; x_wconf 83' lang='lat' dir='ltr'><strong><em>v.</em></strong></span> <span class='ocrx_word' id='word_1_43' title='bbox 616 818 699 871; x_wconf 80' lang='lat' dir='ltr'><strong>supro</strong></span> <span class='ocrx_word' id='word_1_44' title='bbox 715 801 752 856; x_wconf 81' lang='lat' dir='ltr'><strong><em>od</em></strong></span> <span class='ocrx_word' id='word_1_45' title='bbox 768 801 802 855; x_wconf 81' lang='lat' dir='ltr'><strong><em>ir.</em></strong></span> <span class='ocrx_word' id='word_1_46' title='bbox 814 805 856 854; x_wconf 86' lang='grc'><strong><em>43.</em></strong></span> 
     </span>
    </p>
   </div>
   <div class='ocr_carea' id='block_1_4' title="bbox 524 957 1076 1313">
    <p class='ocr_par' dir='ltr' id='par_1_4' title="bbox 524 957 1076 1313">
     <span class='ocr_line' id='line_1_7' title="bbox 526 957 1076 1038; baseline -0.009 -15"><span class='ocrx_word' id='word_1_47' title='bbox 526 963 575 1023; x_wconf 91' lang='lat'><strong><em>66.</em></strong></span> <span class='ocrx_word' id='word_1_48' title='bbox 599 963 638 1022; x_wconf 77' lang='grc' dir='ltr'><strong><em>οι</em></strong></span> <span class='ocrx_word' id='word_1_49' title='bbox 663 961 725 1038; x_wconf 82' lang='lat'><strong>(15.</strong></span> <span class='ocrx_word' id='word_1_50' title='bbox 742 957 874 1022; x_wconf 70' lang='lat' dir='ltr'><strong>rolhr.</strong></span> <span class='ocrx_word' id='word_1_51' title='bbox 898 959 947 1019; x_wconf 87' lang='lat'><strong><em>63.</em></strong></span> <span class='ocrx_word' id='word_1_52' title='bbox 966 959 1006 1021; x_wconf 82' lang='lat'><strong><em>64</em></strong></span> <span class='ocrx_word' id='word_1_53' title='bbox 1022 957 1076 1032; x_wconf 84' lang='lat'><strong><em>60)</em></strong></span> 
     </span>
     <span class='ocr_line' id='line_1_8' title="bbox 524 1089 1023 1177; baseline -0.01 -17"><span class='ocrx_word' id='word_1_54' title='bbox 524 1100 563 1160; x_wconf 89' lang='grc'><strong><em>66</em></strong></span> <span class='ocrx_word' id='word_1_55' title='bbox 607 1091 753 1177; x_wconf 79' lang='grc' dir='ltr'><strong><em>τριμόλαι</em></strong></span> <span class='ocrx_word' id='word_1_56' title='bbox 779 1089 1023 1174; x_wconf 83' lang='grc' dir='ltr'><strong><em>ὀμφαλοτόμωι.</em></strong></span> 
     </span>
     <span class='ocr_line' id='line_1_9' title="bbox 525 1226 1024 1313; baseline -0.014 -17"><span class='ocrx_word' id='word_1_57' title='bbox 525 1236 564 1296; x_wconf 85' lang='grc'><strong><em>67</em></strong></span> <span class='ocrx_word' id='word_1_58' title='bbox 598 1226 763 1313; x_wconf 80' lang='grc' dir='ltr'><strong><em>Ιτριγόλαν</em></strong></span> <span class='ocrx_word' id='word_1_59' title='bbox 788 1227 848 1297; x_wconf 86' lang='grc' dir='ltr'><strong><em>τὸν</em></strong></span> <span class='ocrx_word' id='word_1_60' title='bbox 871 1228 1024 1296; x_wconf 72' lang='grc' dir='ltr'><strong><em>ου’διαῖον.</em></strong></span> 
     </span>
    </p>
   </div>
   <div class='ocr_carea' id='block_1_5' title="bbox 176 1354 1437 1774">
    <p class='ocr_par' dir='ltr' id='par_1_5' title="bbox 176 1354 1434 1520">
     <span class='ocr_line' id='line_1_10' title="bbox 260 1354 1434 1436; baseline -0.001 -18"><span class='ocrx_word' id='word_1_61' title='bbox 260 1364 365 1418; x_wconf 84' lang='lat' dir='ltr'><strong>Athen.</strong></span> <span class='ocrx_word' id='word_1_62' title='bbox 378 1363 431 1418; x_wconf 87' lang='lat' dir='ltr'><strong><em>VH</em></strong></span> <span class='ocrx_word' id='word_1_63' title='bbox 449 1368 524 1419; x_wconf 79' lang='lat'><strong>3246</strong></span> <span class='ocrx_word' id='word_1_64' title='bbox 542 1367 576 1421; x_wconf 91' lang='grc' dir='ltr'><strong><em>Σ.</em></strong></span> <span class='ocrx_word' id='word_1_65' title='bbox 595 1356 622 1419; x_wconf 79' lang='grc' dir='ltr'><strong><em>δ’</em></strong></span> <span class='ocrx_word' id='word_1_66' title='bbox 640 1360 671 1419; x_wconf 76' lang='grc' dir='ltr'><strong><em>ἐν</em></strong></span> <span class='ocrx_word' id='word_1_67' title='bbox 688 1371 750 1429; x_wconf 89' lang='grc' dir='ltr'><strong><em>τοῖς</em></strong></span> <span class='ocrx_word' id='word_1_68' title='bbox 767 1355 918 1436; x_wconf 83' lang='grc' dir='ltr'><strong><em>Ἀνδρείοις</em></strong></span> <span class='ocrx_word' id='word_1_69' title='bbox 936 1357 1071 1434; x_wconf 80' lang='grc' dir='ltr'><strong><em>τριγόλας</em></strong></span> <span class='ocrx_word' id='word_1_70' title='bbox 1087 1356 1168 1427; x_wconf 79' lang='grc' dir='ltr'><strong><em>τινός</em></strong></span> <span class='ocrx_word' id='word_1_71' title='bbox 1184 1357 1216 1419; x_wconf 79' lang='grc' dir='ltr'><strong><em>ἐν</em></strong></span> <span class='ocrx_word' id='word_1_72' title='bbox 1233 1361 1348 1426; x_wconf 79' lang='grc' dir='ltr'><strong><em>τούτοις</em></strong></span> <span class='ocrx_word' id='word_1_73' title='bbox 1366 1354 1434 1417; x_wconf 84' lang='grc' dir='ltr'><strong><em>ὀνο-</em></strong></span> 
     </span>
     <span class='ocr_line' id='line_1_11' title="bbox 176 1440 836 1520; baseline -0.006 -13"><span class='ocrx_word' id='word_1_74' title='bbox 176 1445 262 1520; x_wconf 74' lang='grc' dir='ltr'><strong><em>μάζει</em></strong></span> <span class='ocrx_word' id='word_1_75' title='bbox 274 1443 330 1519; x_wconf 76' lang='grc' dir='ltr'><strong><em>ιιρ.</em></strong></span> <span class='ocrx_word' id='word_1_76' title='bbox 350 1442 428 1519; x_wconf 72' lang='grc' dir='ltr'><strong><em>ἀμφ’</em></strong></span> <span class='ocrx_word' id='word_1_77' title='bbox 445 1453 498 1514; x_wconf 81' lang='lat'><strong>(66)</strong></span> <span class='ocrx_word' id='word_1_78' title='bbox 515 1453 564 1505; x_wconf 77' lang='grc' dir='ltr'><strong><em>και</em></strong></span> <span class='ocrx_word' id='word_1_79' title='bbox 576 1443 633 1520; x_wconf 54' lang='grc' dir='ltr'><strong><em>πρ.</em></strong></span> <span class='ocrx_word' id='word_1_80' title='bbox 651 1468 676 1505; x_wconf 78' lang='grc' dir='ltr'><strong><em>ι.</em></strong></span> <span class='ocrx_word' id='word_1_81' title='bbox 694 1440 758 1506; x_wconf 62' lang='lat'><strong><em>2663</em></strong></span> <span class='ocrx_word' id='word_1_82' title='bbox 775 1451 836 1515; x_wconf 76' lang='grc' dir='ltr'><strong><em>(οι).</em></strong></span> 
     </span>
    </p>

    <p class='ocr_par' dir='ltr' id='par_1_6' title="bbox 176 1525 1437 1774">
     <span class='ocr_line' id='line_1_12' title="bbox 262 1525 1436 1606; baseline -0.001 -19"><span class='ocrx_word' id='word_1_83' title='bbox 262 1539 293 1589; x_wconf 79' lang='grc'><strong><em>61</em></strong></span> <span class='ocrx_word' id='word_1_84' title='bbox 321 1525 453 1606; x_wconf 83' lang='grc' dir='ltr'><strong><em>τριγόλαι</em></strong></span> <span class='ocrx_word' id='word_1_85' title='bbox 471 1534 536 1591; x_wconf 89' lang='lat' dir='ltr'><strong>ood:</strong></span> <span class='ocrx_word' id='word_1_86' title='bbox 559 1551 625 1591; x_wconf 81' lang='lat' dir='ltr'><strong>corr.</strong></span> <span class='ocrx_word' id='word_1_87' title='bbox 644 1535 770 1590; x_wconf 79' lang='lat' dir='ltr'><strong>Musnrno</strong></span> <span class='ocrx_word' id='word_1_88' title='bbox 856 1540 976 1588; x_wconf 78' lang='lat' dir='ltr'><strong>ooterum</strong></span> <span class='ocrx_word' id='word_1_89' title='bbox 998 1549 1026 1586; x_wconf 88' lang='lat' dir='ltr'><strong><em>v.</em></strong></span> <span class='ocrx_word' id='word_1_90' title='bbox 1044 1531 1080 1587; x_wconf 82' lang='lat' dir='ltr'><strong><em>ad</em></strong></span> <span class='ocrx_word' id='word_1_91' title='bbox 1101 1531 1134 1586; x_wconf 84' lang='lat' dir='ltr'><strong><em>ir.</em></strong></span> <span class='ocrx_word' id='word_1_92' title='bbox 1152 1536 1199 1585; x_wconf 83' lang='lat'><strong><em>43:</em></strong></span> <span class='ocrx_word' id='word_1_93' title='bbox 1228 1531 1360 1586; x_wconf 84' lang='lat' dir='ltr'><strong>videntur</strong></span> <span class='ocrx_word' id='word_1_94' title='bbox 1377 1551 1436 1602; x_wconf 90' lang='grc' dir='ltr'><strong><em>τρι-</em></strong></span> 
     </span>
     <span class='ocr_line' id='line_1_13' title="bbox 176 1610 1437 1693; baseline -0.004 -18"><span class='ocrx_word' id='word_1_95' title='bbox 176 1615 266 1692; x_wconf 81' lang='grc' dir='ltr'><strong><em>γόλας</em></strong></span> <span class='ocrx_word' id='word_1_96' title='bbox 284 1610 494 1689; x_wconf 88' lang='grc' dir='ltr'><strong><em>όμφαλοτόμος</em></strong></span> <span class='ocrx_word' id='word_1_97' title='bbox 506 1619 658 1690; x_wconf 67' lang='lat' dir='ltr'><strong><em>(obstetrix)</em></strong></span> <span class='ocrx_word' id='word_1_98' title='bbox 677 1627 705 1676; x_wconf 83' lang='lat' dir='ltr'><strong><em>ot</em></strong></span> <span class='ocrx_word' id='word_1_99' title='bbox 720 1620 841 1693; x_wconf 78' lang='grc' dir='ltr'><strong><em>βλέννος</em></strong></span> <span class='ocrx_word' id='word_1_100' title='bbox 859 1612 999 1688; x_wconf 79' lang='grc' dir='ltr'><strong><em>δηλαμών</em></strong></span> <span class='ocrx_word' id='word_1_101' title='bbox 1011 1616 1130 1687; x_wconf 76' lang='lat' dir='ltr'><strong><em>(nutrio)</em></strong></span> <span class='ocrx_word' id='word_1_102' title='bbox 1149 1617 1242 1686; x_wconf 84' lang='lat' dir='ltr'><strong>aliquo</strong></span> <span class='ocrx_word' id='word_1_103' title='bbox 1260 1617 1344 1672; x_wconf 90' lang='lat' dir='ltr'><strong>modo</strong></span> <span class='ocrx_word' id='word_1_104' title='bbox 1362 1617 1437 1671; x_wconf 85' lang='lat' dir='ltr'><strong>inter</strong></span> 
     </span>
     <span class='ocr_line' id='line_1_14' title="bbox 176 1703 957 1774; baseline -0.003 -14"><span class='ocrx_word' id='word_1_105' title='bbox 176 1721 206 1760; x_wconf 83' lang='lat' dir='ltr'><strong><em>so</em></strong></span> <span class='ocrx_word' id='word_1_106' title='bbox 223 1704 369 1773; x_wconf 80' lang='lat' dir='ltr'><strong>compositi</strong></span> <span class='ocrx_word' id='word_1_107' title='bbox 386 1703 480 1770; x_wconf 80' lang='lat' dir='ltr'><strong>fuisso,</strong></span> <span class='ocrx_word' id='word_1_108' title='bbox 498 1704 562 1760; x_wconf 84' lang='lat' dir='ltr'><strong>lioot</strong></span> <span class='ocrx_word' id='word_1_109' title='bbox 577 1705 691 1762; x_wconf 77' lang='lat' dir='ltr'><strong>masculi</strong></span> <span class='ocrx_word' id='word_1_110' title='bbox 707 1705 817 1774; x_wconf 80' lang='lat' dir='ltr'><strong>generis</strong></span> <span class='ocrx_word' id='word_1_111' title='bbox 833 1711 957 1773; x_wconf 80' lang='lat' dir='ltr'><strong>uterque.</strong></span> 
     </span>
    </p>
   </div>
   <div class='ocr_carea' id='block_1_6' title="bbox 604 1861 995 1941">
    <p class='ocr_par' dir='ltr' id='par_1_7' title="bbox 604 1861 995 1941">
     <span class='ocr_line' id='line_1_15' title="bbox 604 1861 995 1941; baseline -0.008 -16"><span class='ocrx_word' id='word_1_112' title='bbox 604 1864 667 1925; x_wconf 86' lang='lat'><strong><em>*68</em></strong></span> <span class='ocrx_word' id='word_1_113' title='bbox 692 1861 835 1941; x_wconf 70' lang='lat'><strong>(72661.</strong></span> <span class='ocrx_word' id='word_1_114' title='bbox 863 1864 924 1925; x_wconf 86' lang='lat'><strong><em>108</em></strong></span> <span class='ocrx_word' id='word_1_115' title='bbox 940 1861 995 1935; x_wconf 71' lang='grc' dir='ltr'><strong><em>οι)</em></strong></span> 
     </span>
    </p>
   </div>
   <div class='ocr_carea' id='block_1_7' title="bbox 518 1976 1090 2063">
    <p class='ocr_par' dir='ltr' id='par_1_8' title="bbox 518 1976 1090 2063">
     <span class='ocr_line' id='line_1_16' title="bbox 518 1976 1090 2063; baseline 0 -19"><span class='ocrx_word' id='word_1_116' title='bbox 518 1976 666 2062; x_wconf 83' lang='grc' dir='ltr'><strong><em>Ἠπιόλης</em></strong></span> <span class='ocrx_word' id='word_1_117' title='bbox 687 1977 705 2045; x_wconf 85' lang='grc' dir='ltr'><em>ὃ</em></span> <span class='ocrx_word' id='word_1_118' title='bbox 729 1977 788 2045; x_wconf 85' lang='grc' dir='ltr'><strong><em>τὸν</em></strong></span> <span class='ocrx_word' id='word_1_119' title='bbox 812 1984 933 2063; x_wconf 79' lang='grc' dir='ltr'><strong><em>πατέρα</em></strong></span> <span class='ocrx_word' id='word_1_120' title='bbox 957 1986 1090 2060; x_wconf 81' lang='grc' dir='ltr'><strong><em>πνίγων.</em></strong></span> 
     </span>
    </p>
   </div>
   <div class='ocr_carea' id='block_1_8' title="bbox 174 2086 1434 2680">
    <p class='ocr_par' dir='ltr' id='par_1_9' title="bbox 174 2086 1434 2680">
     <span class='ocr_line' id='line_1_17' title="bbox 255 2086 1434 2169; baseline -0.001 -19"><span class='ocrx_word' id='word_1_121' title='bbox 255 2095 412 2151; x_wconf 80' lang='lat' dir='ltr'><strong>Demetrius</strong></span> <span class='ocrx_word' id='word_1_122' title='bbox 426 2096 461 2150; x_wconf 86' lang='lat' dir='ltr'><strong><em>do</em></strong></span> <span class='ocrx_word' id='word_1_123' title='bbox 473 2096 540 2151; x_wconf 83' lang='lat' dir='ltr'><strong>oloo.</strong></span> <span class='ocrx_word' id='word_1_124' title='bbox 555 2100 603 2150; x_wconf 86' lang='lat'><strong><em>156</em></strong></span> <span class='ocrx_word' id='word_1_125' title='bbox 620 2092 654 2153; x_wconf 79' lang='grc' dir='ltr'><strong><em>ἐν</em></strong></span> <span class='ocrx_word' id='word_1_126' title='bbox 665 2094 695 2152; x_wconf 73' lang='grc' dir='ltr'><strong><em>δὲ</em></strong></span> <span class='ocrx_word' id='word_1_127' title='bbox 708 2104 769 2161; x_wconf 86' lang='grc' dir='ltr'><strong><em>τοῖς</em></strong></span> <span class='ocrx_word' id='word_1_128' title='bbox 780 2093 928 2169; x_wconf 78' lang='grc' dir='ltr'><strong><em>πράγμασι</em></strong></span> <span class='ocrx_word' id='word_1_129' title='bbox 942 2086 1141 2167; x_wconf 82' lang='grc' dir='ltr'><strong><em>λαμβόνονται</em></strong></span> <span class='ocrx_word' id='word_1_130' title='bbox 1158 2086 1274 2164; x_wconf 79' lang='grc' dir='ltr'><strong><em>χάριτες</em></strong></span> <span class='ocrx_word' id='word_1_131' title='bbox 1284 2089 1318 2149; x_wconf 80' lang='grc' dir='ltr'><strong><em>ἐκ</em></strong></span> <span class='ocrx_word' id='word_1_132' title='bbox 1329 2112 1434 2164; x_wconf 82' lang='grc' dir='ltr'><strong><em>παροι-</em></strong></span> 
     </span>
     <span class='ocr_line' id='line_1_18' title="bbox 175 2171 1434 2255; baseline -0.002 -18"><span class='ocrx_word' id='word_1_133' title='bbox 175 2183 255 2251; x_wconf 76' lang='grc' dir='ltr'><strong><em>μίας</em></strong></span> <span class='ocrx_word' id='word_1_134' title='bbox 274 2177 356 2252; x_wconf 78' lang='grc' dir='ltr'><strong><em>φύσει</em></strong></span> <span class='ocrx_word' id='word_1_135' title='bbox 374 2175 432 2253; x_wconf 81' lang='grc' dir='ltr'><strong><em>γὰρ</em></strong></span> <span class='ocrx_word' id='word_1_136' title='bbox 448 2182 550 2254; x_wconf 86' lang='grc' dir='ltr'><strong><em>χαρίεν</em></strong></span> <span class='ocrx_word' id='word_1_137' title='bbox 568 2173 680 2255; x_wconf 79' lang='grc' dir='ltr'><strong><em>πρᾶγμ’</em></strong></span> <span class='ocrx_word' id='word_1_138' title='bbox 698 2179 775 2238; x_wconf 79' lang='grc' dir='ltr'><strong><em>ἐστιν</em></strong></span> <span class='ocrx_word' id='word_1_139' title='bbox 792 2175 809 2253; x_wconf 78' lang='grc' dir='ltr'><em>ἦ</em></span> <span class='ocrx_word' id='word_1_140' title='bbox 828 2182 980 2253; x_wconf 81' lang='grc' dir='ltr'><strong><em>παροιμία,</em></strong></span> <span class='ocrx_word' id='word_1_141' title='bbox 998 2174 1038 2248; x_wconf 83' lang='grc' dir='ltr'><strong><em>ώς</em></strong></span> <span class='ocrx_word' id='word_1_142' title='bbox 1056 2173 1073 2236; x_wconf 84' lang='grc' dir='ltr'><strong><em>ό</em></strong></span> <span class='ocrx_word' id='word_1_143' title='bbox 1094 2183 1127 2237; x_wconf 89' lang='grc' dir='ltr'><strong><em>Σ.</em></strong></span> <span class='ocrx_word' id='word_1_144' title='bbox 1144 2177 1198 2247; x_wconf 80' lang='grc' dir='ltr'><strong><em>μὲν</em></strong></span> <span class='ocrx_word' id='word_1_145' title='bbox 1210 2171 1353 2249; x_wconf 70' lang='grc' dir='ltr'><strong><em>ζἐπιόλης,</em></strong></span> <span class='ocrx_word' id='word_1_146' title='bbox 1370 2172 1434 2250; x_wconf 74' lang='grc' dir='ltr'><strong><em>ἔφη,</em></strong></span> 
     </span>
     <span class='ocr_line' id='line_1_19' title="bbox 176 2259 1434 2337; baseline -0.005 -14"><span class='ocrx_word' id='word_1_147' title='bbox 176 2260 192 2322; x_wconf 87' lang='grc' dir='ltr'><strong><em>ό</em></strong></span> <span class='ocrx_word' id='word_1_148' title='bbox 213 2286 237 2323; x_wconf 91' lang='grc' dir='ltr'><strong><em>τ.</em></strong></span> <span class='ocrx_word' id='word_1_149' title='bbox 256 2287 284 2323; x_wconf 85' lang='grc' dir='ltr'><strong><em>π.</em></strong></span> <span class='ocrx_word' id='word_1_150' title='bbox 304 2259 359 2323; x_wconf 67' lang='lat' dir='ltr'><strong><em>ov?</em></strong></span> <span class='ocrx_word' id='word_1_151' title='bbox 388 2266 437 2321; x_wconf 92' lang='lat' dir='ltr'><strong><em>ubi</em></strong></span> <span class='ocrx_word' id='word_1_152' title='bbox 454 2263 534 2337; x_wconf 76' lang='grc' dir='ltr'><strong><em>ἐπίης</em></strong></span> <span class='ocrx_word' id='word_1_153' title='bbox 551 2266 611 2322; x_wconf 85' lang='grc' dir='ltr'><strong><em>οοδ.</em></strong></span> <span class='ocrx_word' id='word_1_154' title='bbox 623 2266 684 2320; x_wconf 84' lang='lat' dir='ltr'><strong>Par.</strong></span> <span class='ocrx_word' id='word_1_155' title='bbox 702 2265 787 2321; x_wconf 78' lang='lat' dir='ltr'><strong>habet</strong></span> <span class='ocrx_word' id='word_1_156' title='bbox 803 2273 832 2322; x_wconf 82' lang='lat' dir='ltr'><strong><em>ot</em></strong></span> <span class='ocrx_word' id='word_1_157' title='bbox 848 2265 878 2320; x_wconf 91' lang='lat' dir='ltr'><strong><em>in</em></strong></span> <span class='ocrx_word' id='word_1_158' title='bbox 894 2281 951 2336; x_wconf 88' lang='lat' dir='ltr'><strong><em>mg.</em></strong></span> <span class='ocrx_word' id='word_1_159' title='bbox 968 2261 1096 2336; x_wconf 77' lang='grc' dir='ltr'><strong><em>ἐπιηκὴς;</em></strong></span> <span class='ocrx_word' id='word_1_160' title='bbox 1114 2259 1230 2334; x_wconf 81' lang='grc' dir='ltr'><strong><em>ίπιιίλης</em></strong></span> <span class='ocrx_word' id='word_1_161' title='bbox 1241 2278 1309 2317; x_wconf 87' lang='lat' dir='ltr'><strong>oorr.</strong></span> <span class='ocrx_word' id='word_1_162' title='bbox 1322 2261 1434 2318; x_wconf 79' lang='lat' dir='ltr'><strong>Galeas.</strong></span> 
     </span>
     <span class='ocr_line' id='line_1_20' title="bbox 174 2340 1434 2424; baseline -0.002 -18"><span class='ocrx_word' id='word_1_163' title='bbox 174 2352 219 2406; x_wconf 75' lang='lat' dir='ltr'><strong><em>Et.</em></strong></span> <span class='ocrx_word' id='word_1_164' title='bbox 236 2352 348 2421; x_wconf 86' lang='lat' dir='ltr'><strong>genuin.</strong></span> <span class='ocrx_word' id='word_1_165' title='bbox 371 2351 425 2418; x_wconf 87' lang='lat' dir='ltr'><strong>(Et.</strong></span> <span class='ocrx_word' id='word_1_166' title='bbox 443 2351 479 2405; x_wconf 87' lang='lat' dir='ltr'><strong><em>M.</em></strong></span> <span class='ocrx_word' id='word_1_167' title='bbox 496 2355 560 2418; x_wconf 87' lang='grc'><strong>434,</strong></span> <span class='ocrx_word' id='word_1_168' title='bbox 580 2357 621 2418; x_wconf 80' lang='grc'><strong><em>13)</em></strong></span> <span class='ocrx_word' id='word_1_169' title='bbox 648 2345 773 2410; x_wconf 69' lang='grc' dir='ltr'><strong><em>Άπολλω</em></strong></span> <span class='ocrx_word' id='word_1_170' title='bbox 797 2351 827 2408; x_wconf 76' lang='grc' dir='ltr'><strong><em>δέ</em></strong></span> <span class='ocrx_word' id='word_1_171' title='bbox 851 2370 919 2424; x_wconf 81' lang='grc' dir='ltr'><strong><em>φησι</em></strong></span> <span class='ocrx_word' id='word_1_172' title='bbox 944 2346 998 2408; x_wconf 87' lang='grc' dir='ltr'><strong><em>τὸν</em></strong></span> <span class='ocrx_word' id='word_1_173' title='bbox 1020 2341 1170 2419; x_wconf 79' lang='grc' dir='ltr'><strong><em>Ἐπιάλτην</em></strong></span> <span class='ocrx_word' id='word_1_174' title='bbox 1195 2341 1286 2404; x_wconf 77' lang='grc' dir='ltr'><strong><em>αὐτόν</em></strong></span> <span class='ocrx_word' id='word_1_175' title='bbox 1310 2340 1434 2418; x_wconf 79' lang='grc' dir='ltr'><strong><em>ἧπιαίλην</em></strong></span> 
     </span>
     <span class='ocr_line' id='line_1_21' title="bbox 176 2429 1434 2511; baseline -0.005 -19"><span class='ocrx_word' id='word_1_176' title='bbox 176 2431 305 2506; x_wconf 81' lang='grc' dir='ltr'><strong><em>(ἐπιοίλην</em></strong></span> <span class='ocrx_word' id='word_1_177' title='bbox 321 2435 355 2501; x_wconf 84' lang='grc' dir='ltr'><strong><em>Β)</em></strong></span> <span class='ocrx_word' id='word_1_178' title='bbox 377 2441 530 2494; x_wconf 77' lang='grc' dir='ltr'><strong><em>καλεῖσθαι</em></strong></span> <span class='ocrx_word' id='word_1_179' title='bbox 551 2439 600 2493; x_wconf 83' lang='grc' dir='ltr'><strong><em>καί</em></strong></span> <span class='ocrx_word' id='word_1_180' title='bbox 622 2440 728 2511; x_wconf 83' lang='grc' dir='ltr'><strong><em>τροπῆι</em></strong></span> <span class='ocrx_word' id='word_1_181' title='bbox 749 2440 802 2494; x_wconf 85' lang='grc' dir='ltr'><strong><em>τοῦ</em></strong></span> <span class='ocrx_word' id='word_1_182' title='bbox 819 2442 839 2494; x_wconf 78' lang='lat' dir='ltr'><strong><em>oi</em></strong></span> <span class='ocrx_word' id='word_1_183' title='bbox 857 2436 898 2502; x_wconf 84' lang='grc' dir='ltr'><strong><em>είς</em></strong></span> <span class='ocrx_word' id='word_1_184' title='bbox 916 2442 934 2491; x_wconf 85' lang='grc' dir='ltr'>ὀ</span> <span class='ocrx_word' id='word_1_185' title='bbox 952 2429 1081 2506; x_wconf 74' lang='grc' dir='ltr'><strong><em>ᾗπιόλην,</em></strong></span> <span class='ocrx_word' id='word_1_186' title='bbox 1101 2433 1150 2489; x_wconf 90' lang='lat' dir='ltr'><strong><em>ubi</em></strong></span> <span class='ocrx_word' id='word_1_187' title='bbox 1168 2431 1336 2501; x_wconf 83' lang='lat' dir='ltr'><strong>Apollodori</strong></span> <span class='ocrx_word' id='word_1_188' title='bbox 1359 2448 1434 2488; x_wconf 88' lang='lat' dir='ltr'><strong>oom-</strong></span> 
     </span>
     <span class='ocr_line' id='line_1_22' title="bbox 175 2510 1433 2593; baseline -0.002 -19"><span class='ocrx_word' id='word_1_189' title='bbox 175 2521 324 2576; x_wconf 76' lang='lat' dir='ltr'><strong>montanos</strong></span> <span class='ocrx_word' id='word_1_190' title='bbox 342 2519 519 2589; x_wconf 80' lang='lat' dir='ltr'><strong>Sophroneos</strong></span> <span class='ocrx_word' id='word_1_191' title='bbox 540 2522 678 2593; x_wconf 75' lang='lat' dir='ltr'><strong>adgnovit</strong></span> <span class='ocrx_word' id='word_1_192' title='bbox 694 2522 888 2578; x_wconf 74' lang='lat' dir='ltr'><strong>Reitzenstein.</strong></span> <span class='ocrx_word' id='word_1_193' title='bbox 923 2519 1096 2576; x_wconf 79' lang='lat' dir='ltr'><strong>scribendum</strong></span> <span class='ocrx_word' id='word_1_194' title='bbox 1118 2517 1204 2588; x_wconf 81' lang='lat' dir='ltr'><strong>igitur</strong></span> <span class='ocrx_word' id='word_1_195' title='bbox 1226 2510 1371 2590; x_wconf 85' lang='grc' dir='ltr'><strong><em>Ἠπιόλης,</em></strong></span> <span class='ocrx_word' id='word_1_196' title='bbox 1397 2518 1433 2572; x_wconf 85' lang='lat' dir='ltr'><strong><em>of.</em></strong></span> 
     </span>
     <span class='ocr_line' id='line_1_23' title="bbox 176 2599 834 2680; baseline 0.005 -21"><span class='ocrx_word' id='word_1_197' title='bbox 176 2605 295 2675; x_wconf 82' lang='lat' dir='ltr'><strong>Hesyoh.</strong></span> <span class='ocrx_word' id='word_1_198' title='bbox 313 2599 457 2677; x_wconf 75' lang='grc' dir='ltr'><strong><em>ἧπιόλιον·</em></strong></span> <span class='ocrx_word' id='word_1_199' title='bbox 484 2606 686 2680; x_wconf 79' lang='grc' dir='ltr'><strong><em>ῥιγοπνρέτιον</em></strong></span> <span class='ocrx_word' id='word_1_200' title='bbox 703 2613 732 2663; x_wconf 88' lang='lat' dir='ltr'><strong><em>et</em></strong></span> <span class='ocrx_word' id='word_1_201' title='bbox 747 2607 780 2661; x_wconf 80' lang='lat' dir='ltr'><strong><em>ir.</em></strong></span> <span class='ocrx_word' id='word_1_202' title='bbox 793 2613 834 2662; x_wconf 77' lang='lat'><strong><em>70.</em></strong></span> 
     </span>
    </p>
   </div>
   <div class='ocr_carea' id='block_1_9' title="bbox 175 2852 1434 3187">
    <p class='ocr_par' dir='ltr' id='par_1_10' title="bbox 175 2852 1434 3187">
     <span class='ocr_line' id='line_1_24' title="bbox 261 2852 1434 2935; baseline 0.001 -23"><span class='ocrx_word' id='word_1_203' title='bbox 261 2859 352 2930; x_wconf 88' lang='lat' dir='ltr'><strong>Etym.</strong></span> <span class='ocrx_word' id='word_1_204' title='bbox 365 2859 473 2915; x_wconf 83' lang='lat' dir='ltr'><strong>Orionis</strong></span> <span class='ocrx_word' id='word_1_205' title='bbox 487 2865 544 2927; x_wconf 87' lang='lat'>101,</span> <span class='ocrx_word' id='word_1_206' title='bbox 556 2866 589 2916; x_wconf 82' lang='lat'><strong><em>30</em></strong></span> <span class='ocrx_word' id='word_1_207' title='bbox 607 2858 778 2931; x_wconf 86' lang='grc' dir='ltr'><strong><em>μαστροπός</em></strong></span> <span class='ocrx_word' id='word_1_208' title='bbox 795 2901 822 2917; x_wconf 89' lang='grc'><strong><em>..</em></strong></span> <span class='ocrx_word' id='word_1_209' title='bbox 840 2856 919 2935; x_wconf 82' lang='grc' dir='ltr'><strong><em>παρὰ</em></strong></span> <span class='ocrx_word' id='word_1_210' title='bbox 938 2857 974 2917; x_wconf 87' lang='grc' dir='ltr'><strong><em>τὸ</em></strong></span> <span class='ocrx_word' id='word_1_211' title='bbox 992 2861 1129 2929; x_wconf 74' lang='grc' dir='ltr'><strong><em>μαίεσθαι</em></strong></span> <span class='ocrx_word' id='word_1_212' title='bbox 1148 2852 1216 2922; x_wconf 81' lang='grc' dir='ltr'><strong><em>τοὺς</em></strong></span> <span class='ocrx_word' id='word_1_213' title='bbox 1232 2853 1361 2930; x_wconf 87' lang='grc' dir='ltr'><strong><em>τρόπους</em></strong></span> <span class='ocrx_word' id='word_1_214' title='bbox 1372 2863 1434 2915; x_wconf 83' lang='grc' dir='ltr'><strong><em>τών</em></strong></span> 
     </span>
     <span class='ocr_line' id='line_1_25' title="bbox 175 2941 1432 3017; baseline -0.002 -18"><span class='ocrx_word' id='word_1_215' title='bbox 175 2947 379 3017; x_wconf 81' lang='grc' dir='ltr'><strong><em>πορνεοονσιῦν</em></strong></span> <span class='ocrx_word' id='word_1_216' title='bbox 395 2948 546 3016; x_wconf 80' lang='grc' dir='ltr'><strong><em>γυναικών,</em></strong></span> <span class='ocrx_word' id='word_1_217' title='bbox 566 2947 615 3003; x_wconf 92' lang='lat' dir='ltr'><strong><em>ubi</em></strong></span> <span class='ocrx_word' id='word_1_218' title='bbox 633 2964 649 3003; x_wconf 87' lang='lat' dir='ltr'><strong>o</strong></span> <span class='ocrx_word' id='word_1_219' title='bbox 666 2947 808 3005; x_wconf 86' lang='lat' dir='ltr'><strong>codicibus</strong></span> <span class='ocrx_word' id='word_1_220' title='bbox 823 2945 983 3002; x_wconf 82' lang='lat' dir='ltr'><strong>melioribus</strong></span> <span class='ocrx_word' id='word_1_221' title='bbox 1000 2945 1044 3000; x_wconf 77' lang='lat' dir='ltr'><strong><em>Et.</em></strong></span> <span class='ocrx_word' id='word_1_222' title='bbox 1063 2941 1182 2999; x_wconf 83' lang='lat' dir='ltr'><strong>Gudiani</strong></span> <span class='ocrx_word' id='word_1_223' title='bbox 1202 2943 1335 2998; x_wconf 76' lang='lat' dir='ltr'><strong>aooodunt</strong></span> <span class='ocrx_word' id='word_1_224' title='bbox 1351 2943 1432 3000; x_wconf 78' lang='lat' dir='ltr'><strong>hooc:</strong></span> 
     </span>
     <span class='ocr_line' id='line_1_26' title="bbox 176 3017 1431 3104; baseline 0.001 -20"><span class='ocrx_word' id='word_1_225' title='bbox 176 3017 268 3094; x_wconf 76' lang='grc' dir='ltr'><strong><em>οότοις</em></strong></span> <span class='ocrx_word' id='word_1_226' title='bbox 284 3025 317 3084; x_wconf 77' lang='grc' dir='ltr'><strong><em>ἐν</em></strong></span> <span class='ocrx_word' id='word_1_227' title='bbox 333 3022 515 3100; x_wconf 81' lang='grc' dir='ltr'><strong><em>όπομνήματι</em></strong></span> <span class='ocrx_word' id='word_1_228' title='bbox 527 3031 593 3098; x_wconf 84' lang='lat' dir='ltr'><strong>(soil.</strong></span> <span class='ocrx_word' id='word_1_229' title='bbox 604 3030 783 3100; x_wconf 79' lang='lat' dir='ltr'><strong>Apollodori)</strong></span> <span class='ocrx_word' id='word_1_230' title='bbox 802 3028 965 3104; x_wconf 79' lang='grc' dir='ltr'><strong><em>Σώφρονος</em></strong></span> <span class='ocrx_word' id='word_1_231' title='bbox 982 3023 1135 3100; x_wconf 77' lang='grc' dir='ltr'><strong><em>Ἂνδρείων.</em></strong></span> <span class='ocrx_word' id='word_1_232' title='bbox 1165 3028 1259 3096; x_wconf 80' lang='lat' dir='ltr'><strong>itaquo</strong></span> <span class='ocrx_word' id='word_1_233' title='bbox 1275 3048 1431 3101; x_wconf 88' lang='grc' dir='ltr'><strong><em>μαστρο-</em></strong></span> 
     </span>
     <span class='ocr_line' id='line_1_27' title="bbox 175 3109 678 3187; baseline 0 -17"><span class='ocrx_word' id='word_1_234' title='bbox 175 3109 220 3170; x_wconf 89' lang='grc' dir='ltr'><strong><em>πό</em></strong></span> <span class='ocrx_word' id='word_1_235' title='bbox 226 3133 241 3179; x_wconf 89' lang='grc' dir='ltr'><strong><em>ς</em></strong></span> <span class='ocrx_word' id='word_1_236' title='bbox 257 3129 318 3168; x_wconf 81' lang='grc' dir='ltr'><strong><em>τοο.</em></strong></span> <span class='ocrx_word' id='word_1_237' title='bbox 337 3115 411 3183; x_wconf 85' lang='lat' dir='ltr'><strong>apud</strong></span> <span class='ocrx_word' id='word_1_238' title='bbox 429 3115 599 3187; x_wconf 82' lang='lat' dir='ltr'><strong>Sophronom</strong></span> <span class='ocrx_word' id='word_1_239' title='bbox 617 3117 678 3171; x_wconf 87' lang='lat' dir='ltr'><strong>fuit</strong></span> 
     </span>
    </p>
   </div>
   <div class='ocr_carea' id='block_1_10' title="bbox 597 3271 1119 3352">
    <p class='ocr_par' dir='ltr' id='par_1_11' title="bbox 597 3271 1119 3352">
     <span class='ocr_line' id='line_1_28' title="bbox 597 3271 1119 3352; baseline -0.002 -16"><span class='ocrx_word' id='word_1_240' title='bbox 597 3271 1002 3352; x_wconf 66' lang='lat'><strong><em>*76669126116111136</em></strong></span> <span class='ocrx_word' id='word_1_241' title='bbox 1117 3316 1119 3321; x_wconf 86' lang='lat'><strong>.</strong></span> 
     </span>
    </p>
   </div>
   <div class='ocr_carea' id='block_1_11' title="bbox 175 3363 1430 3547">
    <p class='ocr_par' dir='ltr' id='par_1_12' title="bbox 175 3363 1430 3547">
     <span class='ocr_line' id='line_1_29' title="bbox 249 3363 1430 3462; baseline -0.003 -21"><span class='ocrx_word' id='word_1_242' title='bbox 249 3363 384 3443; x_wconf 18' lang='lat' dir='ltr'><strong><em>*Eustatn</em></strong></span> <span class='ocrx_word' id='word_1_243' title='bbox 402 3403 429 3456; x_wconf 88' lang='lat' dir='ltr'><strong><em>p.</em></strong></span> <span class='ocrx_word' id='word_1_244' title='bbox 443 3390 501 3454; x_wconf 84' lang='lat'><strong>661,</strong></span> <span class='ocrx_word' id='word_1_245' title='bbox 516 3391 546 3441; x_wconf 82' lang='lat'><strong><em>19</em></strong></span> <span class='ocrx_word' id='word_1_246' title='bbox 571 3385 603 3444; x_wconf 77' lang='grc' dir='ltr'><strong><em>ἐν</em></strong></span> <span class='ocrx_word' id='word_1_247' title='bbox 621 3388 651 3446; x_wconf 80' lang='grc' dir='ltr'><strong><em>δὲ</em></strong></span> <span class='ocrx_word' id='word_1_248' title='bbox 668 3396 731 3455; x_wconf 89' lang='grc' dir='ltr'><strong><em>τοῖς</em></strong></span> <span class='ocrx_word' id='word_1_249' title='bbox 743 3383 929 3462; x_wconf 83' lang='grc' dir='ltr'><strong><em>Ἡρωιδιανοῦ</em></strong></span> <span class='ocrx_word' id='word_1_250' title='bbox 945 3396 1038 3446; x_wconf 79' lang='grc' dir='ltr'><strong><em>κεῖται</em></strong></span> <span class='ocrx_word' id='word_1_251' title='bbox 1058 3388 1108 3442; x_wconf 83' lang='grc' dir='ltr'><strong><em>καί</em></strong></span> <span class='ocrx_word' id='word_1_252' title='bbox 1125 3377 1245 3457; x_wconf 78' lang='grc' dir='ltr'><strong><em>ἤπιόλης</em></strong></span> <span class='ocrx_word' id='word_1_253' title='bbox 1264 3376 1430 3455; x_wconf 75' lang='grc' dir='ltr'><strong><em>ἤπιόλητος.</em></strong></span> 
     </span>
     <span class='ocr_line' id='line_1_30' title="bbox 175 3461 688 3547; baseline 0.006 -20"><span class='ocrx_word' id='word_1_254' title='bbox 175 3461 210 3528; x_wconf 81' lang='grc' dir='ltr'><strong><em>οὗ</em></strong></span> <span class='ocrx_word' id='word_1_255' title='bbox 226 3476 334 3543; x_wconf 84' lang='grc' dir='ltr'><strong><em>χρῆσις,</em></strong></span> <span class='ocrx_word' id='word_1_256' title='bbox 353 3475 431 3545; x_wconf 88' lang='grc' dir='ltr'><strong><em>φησί,</em></strong></span> <span class='ocrx_word' id='word_1_257' title='bbox 449 3468 529 3546; x_wconf 82' lang='grc' dir='ltr'><strong><em>παρὰ</em></strong></span> <span class='ocrx_word' id='word_1_258' title='bbox 548 3469 688 3547; x_wconf 79' lang='grc' dir='ltr'><strong><em>Σώφρονι</em></strong></span> 
     </span>
    </p>
   </div>
   <div class='ocr_carea' id='block_1_12' title="bbox 259 3576 1058 3749">
    <p class='ocr_par' dir='ltr' id='par_1_13' title="bbox 259 3576 1058 3749">
     <span class='ocr_line' id='line_1_31' title="bbox 548 3576 1058 3663; baseline -0.008 -17"><span class='ocrx_word' id='word_1_259' title='bbox 548 3577 705 3663; x_wconf 82' lang='grc' dir='ltr'><strong><em>Ἡρακλῆς</em></strong></span> <span class='ocrx_word' id='word_1_260' title='bbox 729 3576 901 3663; x_wconf 81' lang='grc' dir='ltr'><strong><em>Ἠπιόλητα</em></strong></span> <span class='ocrx_word' id='word_1_261' title='bbox 924 3585 1058 3658; x_wconf 85' lang='grc' dir='ltr'><strong><em>πνίγων.</em></strong></span> 
     </span>
     <span class='ocr_line' id='line_1_32' title="bbox 259 3693 445 3749; baseline 0.022 -4"><span class='ocrx_word' id='word_1_262' title='bbox 259 3693 445 3749; x_wconf 50' lang='lat' dir='ltr'><strong><em>mmm&amp;</em></strong></span> 
     </span>
    </p>
   </div>
   <div class='ocr_carea' id='block_1_13' title="bbox 708 3836 896 3914">
    <p class='ocr_par' dir='ltr' id='par_1_14' title="bbox 708 3836 896 3914">
     <span class='ocr_line' id='line_1_33' title="bbox 708 3836 896 3914; baseline -0.011 -16"><span class='ocrx_word' id='word_1_263' title='bbox 708 3839 747 3898; x_wconf 85' lang='lat'><strong><em>71</em></strong></span> <span class='ocrx_word' id='word_1_264' title='bbox 772 3837 825 3914; x_wconf 83' lang='lat'><strong><em>(78</em></strong></span> <span class='ocrx_word' id='word_1_265' title='bbox 841 3836 896 3910; x_wconf 79' lang='lat' dir='ltr'><strong><em>no)</em></strong></span> 
     </span>
    </p>
   </div>
   <div class='ocr_carea' id='block_1_14' title="bbox 173 3942 1429 4109">
    <p class='ocr_par' dir='ltr' id='par_1_15' title="bbox 173 3942 1429 4109">
     <span class='ocr_line' id='line_1_34' title="bbox 260 3942 1429 4022; baseline 0 -20"><span class='ocrx_word' id='word_1_266' title='bbox 260 3949 391 4019; x_wconf 80' lang='lat' dir='ltr'><strong>Harpoor.</strong></span> <span class='ocrx_word' id='word_1_267' title='bbox 410 3966 437 4019; x_wconf 91' lang='lat' dir='ltr'><strong><em>p.</em></strong></span> <span class='ocrx_word' id='word_1_268' title='bbox 452 3953 509 4016; x_wconf 82' lang='lat'><strong>163,</strong></span> <span class='ocrx_word' id='word_1_269' title='bbox 524 3953 554 4004; x_wconf 82' lang='lat'><strong><em>16</em></strong></span> <span class='ocrx_word' id='word_1_270' title='bbox 574 3949 692 4018; x_wconf 83' lang='grc' dir='ltr'><strong><em>πώλάς</em></strong></span> <span class='ocrx_word' id='word_1_271' title='bbox 709 3943 774 4008; x_wconf 89' lang='grc' dir='ltr'><strong><em>οίντί</em></strong></span> <span class='ocrx_word' id='word_1_272' title='bbox 792 3954 844 4008; x_wconf 86' lang='grc' dir='ltr'><strong><em>τοῦ</em></strong></span> <span class='ocrx_word' id='word_1_273' title='bbox 862 3946 983 4022; x_wconf 80' lang='grc' dir='ltr'><strong><em>πράσεις</em></strong></span> <span class='ocrx_word' id='word_1_274' title='bbox 995 3945 1157 4021; x_wconf 82' lang='grc' dir='ltr'><strong><em>Ὑπερείδης</em></strong></span> <span class='ocrx_word' id='word_1_275' title='bbox 1175 3987 1201 4000; x_wconf 92' lang='grc'><strong><em>..</em></strong></span> <span class='ocrx_word' id='word_1_276' title='bbox 1221 3942 1280 4003; x_wconf 74' lang='grc' dir='ltr'><strong><em>ἔστι</em></strong></span> <span class='ocrx_word' id='word_1_277' title='bbox 1299 3943 1429 4014; x_wconf 75' lang='grc' dir='ltr'><strong><em>τοῦνομα</em></strong></span> 
     </span>
     <span class='ocr_line' id='line_1_35' title="bbox 173 4028 1385 4109; baseline -0.003 -21"><span class='ocrx_word' id='word_1_278' title='bbox 173 4036 222 4089; x_wconf 85' lang='grc' dir='ltr'><strong><em>καί</em></strong></span> <span class='ocrx_word' id='word_1_279' title='bbox 240 4030 272 4090; x_wconf 78' lang='grc' dir='ltr'><strong><em>ἐν</em></strong></span> <span class='ocrx_word' id='word_1_280' title='bbox 290 4044 352 4101; x_wconf 91' lang='grc' dir='ltr'><strong><em>τοῖς</em></strong></span> <span class='ocrx_word' id='word_1_281' title='bbox 370 4031 533 4109; x_wconf 83' lang='grc' dir='ltr'><strong><em>Σώφρονος</em></strong></span> <span class='ocrx_word' id='word_1_282' title='bbox 550 4028 707 4107; x_wconf 78' lang='grc' dir='ltr'><strong><em>Άνδρείοις.</em></strong></span> <span class='ocrx_word' id='word_1_283' title='bbox 743 4034 820 4092; x_wconf 83' lang='lat' dir='ltr'><strong>Suid.</strong></span> <span class='ocrx_word' id='word_1_284' title='bbox 838 4052 859 4090; x_wconf 86' lang='lat' dir='ltr'><strong><em>s.</em></strong></span> <span class='ocrx_word' id='word_1_285' title='bbox 872 4053 900 4091; x_wconf 91' lang='lat' dir='ltr'><strong><em>v.</em></strong></span> <span class='ocrx_word' id='word_1_286' title='bbox 969 4031 1067 4101; x_wconf 87' lang='grc' dir='ltr'><strong><em>πώλας</em></strong></span> <span class='ocrx_word' id='word_1_287' title='bbox 1084 4050 1105 4089; x_wconf 81' lang='lat' dir='ltr'><strong><em>s.</em></strong></span> <span class='ocrx_word' id='word_1_288' title='bbox 1124 4037 1222 4098; x_wconf 85' lang='grc' dir='ltr'><strong><em>πώλας</em></strong></span> <span class='ocrx_word' id='word_1_289' title='bbox 1239 4033 1288 4100; x_wconf 82' lang='grc' dir='ltr'><strong><em>(Α)</em></strong></span> <span class='ocrx_word' id='word_1_290' title='bbox 1301 4033 1385 4100; x_wconf 85' lang='lat' dir='ltr'><strong>Harp.</strong></span> 
     </span>
    </p>
   </div>
   <div class='ocr_carea' id='block_1_15' title="bbox 260 4194 1189 4381">
    <p class='ocr_par' dir='ltr' id='par_1_16' title="bbox 260 4194 1189 4381">
     <span class='ocr_line' id='line_1_36' title="bbox 626 4194 967 4272; baseline -0.003 -16"><span class='ocrx_word' id='word_1_291' title='bbox 626 4197 665 4256; x_wconf 73' lang='grc' dir='ltr'><strong><em>τι</em></strong></span> <span class='ocrx_word' id='word_1_292' title='bbox 690 4197 742 4272; x_wconf 85' lang='lat'><strong><em>(26</em></strong></span> <span class='ocrx_word' id='word_1_293' title='bbox 758 4194 833 4257; x_wconf 78' lang='lat' dir='ltr'><strong><em>An.</em></strong></span> <span class='ocrx_word' id='word_1_294' title='bbox 858 4198 896 4256; x_wconf 76' lang='grc' dir='ltr'><strong><em>τι</em></strong></span> <span class='ocrx_word' id='word_1_295' title='bbox 912 4194 967 4269; x_wconf 82' lang='grc' dir='ltr'><strong><em>Βο)</em></strong></span> 
     </span>
     <span class='ocr_line' id='line_1_37' title="bbox 260 4300 1189 4381; baseline 0.004 -22"><span class='ocrx_word' id='word_1_296' title='bbox 260 4305 328 4361; x_wconf 83' lang='grc' dir='ltr'><strong><em>Ροίί.</em></strong></span> <span class='ocrx_word' id='word_1_297' title='bbox 347 4306 386 4361; x_wconf 92' lang='lat' dir='ltr'><strong><em>IV</em></strong></span> <span class='ocrx_word' id='word_1_298' title='bbox 400 4311 448 4361; x_wconf 78' lang='grc'><strong><em>114</em></strong></span> <span class='ocrx_word' id='word_1_299' title='bbox 464 4307 560 4381; x_wconf 85' lang='grc' dir='ltr'><strong><em>ίλίτρα</em></strong></span> <span class='ocrx_word' id='word_1_300' title='bbox 578 4306 704 4380; x_wconf 88' lang='grc' dir='ltr'><strong><em>νόμισμα</em></strong></span> <span class='ocrx_word' id='word_1_301' title='bbox 722 4300 839 4375; x_wconf 77' lang='grc' dir='ltr'><strong><em>λεπτόν)</em></strong></span> <span class='ocrx_word' id='word_1_302' title='bbox 858 4312 894 4365; x_wconf 93' lang='grc' dir='ltr'><strong><em>Σ.</em></strong></span> <span class='ocrx_word' id='word_1_303' title='bbox 911 4305 945 4365; x_wconf 80' lang='grc' dir='ltr'><strong><em>ἐν</em></strong></span> <span class='ocrx_word' id='word_1_304' title='bbox 961 4317 1023 4374; x_wconf 85' lang='grc' dir='ltr'><strong><em>τοῖς</em></strong></span> <span class='ocrx_word' id='word_1_305' title='bbox 1040 4301 1189 4380; x_wconf 75' lang='grc' dir='ltr'><strong><em>Ἀνδρείοις</em></strong></span> 
     </span>
    </p>
   </div>
   <div class='ocr_carea' id='block_1_16' title="bbox 442 4410 1158 4496">
    <p class='ocr_par' dir='ltr' id='par_1_17' title="bbox 442 4410 1158 4496">
     <span class='ocr_line' id='line_1_38' title="bbox 442 4410 1158 4496; baseline 0.004 -19"><span class='ocrx_word' id='word_1_306' title='bbox 442 4420 543 4479; x_wconf 80' lang='grc' dir='ltr'><strong><em>σώσαι</em></strong></span> <span class='ocrx_word' id='word_1_307' title='bbox 565 4413 598 4478; x_wconf 86' lang='grc' dir='ltr'><strong><em>δ’</em></strong></span> <span class='ocrx_word' id='word_1_308' title='bbox 621 4415 697 4484; x_wconf 78' lang='grc' dir='ltr'><strong><em>οὐδὲ</em></strong></span> <span class='ocrx_word' id='word_1_309' title='bbox 718 4413 776 4494; x_wconf 80' lang='grc' dir='ltr'><strong><em>τὰς</em></strong></span> <span class='ocrx_word' id='word_1_310' title='bbox 798 4412 857 4481; x_wconf 83' lang='grc' dir='ltr'><strong><em>δύο</em></strong></span> <span class='ocrx_word' id='word_1_311' title='bbox 880 4421 990 4496; x_wconf 84' lang='grc' dir='ltr'><strong><em>λίτρας</em></strong></span> <span class='ocrx_word' id='word_1_312' title='bbox 1013 4410 1158 4492; x_wconf 82' lang='grc' dir='ltr'><strong><em>δύναμαι.</em></strong></span> 
     </span>
    </p>
   </div>
   <div class='ocr_carea' id='block_1_17' title="bbox 0 0 1586 4800">
    <p class='ocr_par' dir='ltr' id='par_1_18' title="bbox 0 0 1586 4800">
     <span class='ocr_line' id='line_1_39' title="bbox 0 0 1586 4800; baseline 0 0"><span class='ocrx_word' id='word_1_313' title='bbox 0 0 1586 4800; x_wconf 95' lang='lat' dir='ltr'><strong><em> </em></strong></span> 
     </span>
    </p>
   </div>
  </div>
 </body>
</html>
