3164 4800
206 292 248 350 80
629 293 676 341 DE
693 290 874 342 COMOEDIA
891 291 1032 342 GRAECA

207 474 277 530 κων
299 468 547 542 κωμωιδοῦυται
569 468 623 528 καί
646 460 723 527 ov'd'
739 456 832 527 orirer
855 460 911 527 ἐὰν
932 458 974 543 μή
998 458 1050 526 διὰ
1068 459 1391 543 πολυπραγμοσύνην
1413 470 1466 527 καί

206 564 258 633 διὰ
280 564 318 631 τὸ
341 572 447 648 ζητεῖν
470 569 571 635 πλέον
593 591 624 629 τι
646 565 727 645 ἔχειν
748 571 811 628 τοῦ
833 559 951 644 δήμου·
985 559 1067 628 ὥστε
1089 561 1164 627 ούδέ
1193 560 1271 639 τοὺς
1292 560 1466 642 τοιούτους

206 667 364 750 ἄχθονται
387 670 688 745 κωμωιδουμέυους.
735 665 774 728 cf.
796 664 954 727 Platonius
975 665 993 726 I
1016 667 1035 725 2
1057 667 1161 745 (supra
1182 685 1213 745 p.
1229 668 1270 742 3).

291 773 321 833 4.
353 768 456 831 Oieero
477 768 559 849 apud
580 768 711 850 August.
726 767 764 828 de
778 767 833 831 civ.
848 766 877 830 d.
892 767 927 828 H
944 770 962 829 9
985 765 1056 846 (Cic.
1071 766 1147 848 Rep.
1162 767 1212 829 IV
1228 769 1294 844 11):
1317 788 1466 844 nunquam

208 873 380 944 comoediae,
402 873 463 932 nisi
485 873 657 932 corunetndo
677 872 758 931 uitae
774 875 939 946 pateretur,
962 871 1097 945 probare
1117 888 1173 930 sua
1196 871 1321 930 theatris
1346 871 1467 946 dapitia

202 976 376 1051 potuissmt.
421 978 449 1033 et
473 974 584 1034 Graeci
607 973 723 1050 quidem
753 972 936 1047 antiquiores
956 971 1083 1031 uitiosae
1109 989 1181 1031 snae
1203 972 1349 1047 opinionis
1375 992 1466 1048 quan·

208 1078 278 1137 dam
300 1076 529 1137 convenientiam
549 1080 751 1148 seruauerunt,
775 1074 857 1150 apud
879 1090 949 1149 qnos
970 1073 1032 1146 snit
1053 1073 1141 1133 etiam
1165 1074 1225 1150 depe
1240 1092 1413 1148 concessum,
1436 1080 1469 1134 nt

209 1179 286 1255 qnod
312 1178 401 1237 uellet
428 1178 576 1239 comoedia
605 1179 641 1238 de
669 1196 724 1253 qno
745 1178 833 1237 odiet
857 1175 1031 1236 nominatim
1054 1175 1164 1235 diceret
1185 1221 1192 1236 .
1215 1221 1222 1236 .
1245 1221 1252 1236 .
1274 1218 1283 1234 .
1306 1177 1468 1252 puemitia

208 1299 266 1340 non
288 1279 390 1355 attipit
409 1280 457 1339 uel
472 1280 575 1355 potius
597 1297 680 1355 quan
704 1297 762 1339 non
782 1277 925 1338 cenauit?
962 1277 1010 1337 cui
1026 1277 1184 1352 pepercit?
1221 1282 1287 1358 esto,
1304 1280 1469 1355 populares

210 1383 338 1443 nomines
358 1381 514 1457 improbos,
538 1381 571 1440 in
592 1381 767 1456 republica
788 1381 950 1454 seditiosos,
977 1380 1109 1441 Cleonem
1134 1378 1335 1455 Cieophontan
1349 1382 1467 1456 prer·

211 1486 307 1546 boiam
330 1483 418 1543 laesit
439 1528 446 1543 .
470 1527 476 1542 .
500 1527 506 1542 .
527 1482 579 1542 sed
600 1482 753 1556 Periclem,
777 1502 841 1543 cum
862 1483 926 1543 iam
946 1501 1019 1543 suae
1041 1483 1159 1542 ciuitati
1183 1477 1318 1541 maxima
1340 1484 1468 1543 auctori-

209 1591 270 1646 tate
286 1585 436 1662 plurimos
451 1602 544 1644 annos
559 1584 638 1644 domi
653 1589 680 1644 et
695 1585 766 1645 belii
775 1581 968 1664 praefuisset,
990 1584 1105 1645 uiolari
1118 1583 1253 1643 uersibus
1276 1588 1303 1643 et
1316 1585 1469 1660 eocapitari
1535 1622 1536 1626 =

108 1725 112 1731 ·
193 1689 243 1749 'in
265 1705 373 1748 scaena
395 1705 452 1746 non
475 1686 579 1746 decuit

296 1792 325 1851 5.
357 1786 504 1849 Horatius
525 1786 583 1857 ΑΡ
606 1789 667 1849 281
690 1797 851 1869 postquam
872 1788 910 1850 de
930 1786 1081 1869 Thespide
1101 1795 1131 1848 et
1151 1785 1305 1867 Aeschylo
1326 1785 1414 1847 dixit:

353 1944 356 1949 .
458 1892 597 1951 successit
615 1895 698 1950 uetus
719 1891 767 1951 tris
788 1892 937 1952 comoedia
958 1910 1015 1952 non
1037 1891 1100 1950 sine
1121 1890 1215 1949 multa

462 1992 567 2053 lande:
588 1992 640 2052 sed
662 1993 694 2053 in
715 1994 822 2054 uitium
845 1994 969 2053 libertas
991 1992 1103 2052 cncidit
1125 1996 1151 2051 et
1171 1992 1232 2051 uim

462 2095 583 2170 dipnam
607 2095 666 2171 depe
687 2096 759 2172 repi.
805 2096 853 2155 len
875 2100 916 2155 est
937 2079 1057 2170 accepta
1080 2094 1239 2169 atomisque

458 2196 586 2271 turpiter
608 2197 732 2257 obticuit
751 2198 869 2257 sublato
892 2197 959 2256 iure
981 2196 1111 2257 nocendi.

232 2323 233 2327 ’
299 2318 328 2376 6.
349 2312 449 2376 Schol.
463 2313 517 2375 Ar.
531 2312 610 2376 Ach.
633 2317 673 2376 67
690 2315 729 2377 ἐπ
739 2312 974 2395 Ἐὐθυμένους
996 2311 1154 2396 ἄρχοντος
1171 2314 1209 2388 (ει.
1224 2310 1339 2394 43716).
1372 2308 1471 2390 οὗτος

103 2449 105 2453 ·
212 2414 231 2481 ὃ
256 2413 366 2497 ἄρχων
394 2411 451 2493 ἐφ’
478 2408 520 2478 οὗ
539 2410 701 2496 κατελύθη
729 2411 769 2479 τὸ
791 2411 940 2497 ψήφισμα
967 2413 1006 2480 τὸ
1029 2421 1101 2496 περί
1123 2422 1186 2479 τού
1214 2411 1257 2495 μή
1279 2412 1472 2498 (dionensi)

213 2521 404 2596 ramacieto,
430 2519 553 2598 γραφέν
577 2517 627 2580 ἐπί
649 2520 838 2597 Μορυχίδου
862 2518 900 2592 (a.
920 2515 1060 2599 testes).
1107 2520 1214 2599 ἴσχυσε
1237 2521 1269 2582 δὲ
1292 2515 1416 2582 ἐκεῖνόν
1438 2543 1472 2582 τε

213 2617 273 2684 τὸν
302 2614 452 2683 ἐνιαυτὸν
485 2623 538 2681 καί
567 2614 625 2682 δύο
653 2616 731 2696 τοὺς
760 2621 833 2701 έξης
866 2622 917 2684 ἐπί
946 2626 1127 2685 Γλανκίνου
1156 2643 1189 2683 τε
1218 2619 1255 2698 (a.
1277 2621 1384 2702 439s'8)
1419 2626 1471 2683 nei

218 2716 388 2802 Θεοδώρου
405 2724 441 2799 (a.
456 2718 573 2800 438j7),
601 2719 678 2797 μεθ’
702 2717 760 2797 οὓς
790 2719 843 2785 ἐπ’
865 2720 1079 2799 Εὐθυμένους
1101 2719 1271 2803 κατελύθη.
1317 2721 1356 2784 ct.
1379 2721 1472 2785 schol.

214 2821 296 2884 Nub.
312 2824 363 2884 31.
390 2821 469 2885 Ran.
486 2824 557 2884 501.
585 2821 679 2903 Vesp.
698 2825 789 2886 1291.

303 2928 330 2986 7.
352 2922 637 2986 Arist.Ach.1150
660 2923 844 3006 Ἀντίμαχον
872 2920 932 2989 τὸν
960 2920 1107 3002 Ψακύδος
1135 2923 1194 2990 τὸν
1224 2929 1392 3008 ξυγγραφῆ
1413 2923 1472 2989 τὸν

215 3028 340 3103 μελέων
368 3022 505 3107 ποιητήν
536 3023 581 3102 ὡς
606 3029 666 3102 μέν
695 3026 802 3091 duania
829 3024 931 3106 λύγωι
952 3034 1061 3104 κακῶς
1084 3029 1258 3105 ἐξολέσειεν
1280 3025 1299 3091 ὁ
1322 3024 1416 3104 Ζεύς·
1437 3025 1473 3104 ὅς

216 3125 253 3207 γ’
276 3129 290 3190 ἐ
314 3130 328 3190 ὲ
350 3125 408 3191 τὸν
430 3122 575 3207 τλήμονα
597 3122 722 3208 Λήναια
740 3137 892 3211 χορηγῶν
916 3126 1056 3195 οἷπέλυσ’
1074 3126 1236 3195 ἄδειπνον.
1276 3129 1328 3191 ubi
1349 3129 1473 3192 scholia:
1571 3197 1573 3200 y

217 3225 320 3294 ἐδόκει
342 3232 374 3293 δέ
398 3225 416 3292 ὃ
440 3225 624 3309 Ἀντίμαχος
646 3224 745 3307 οὗτος
766 3226 916 3313 ψήφισμα
930 3233 1138 3314 πεποιηκέναι
1152 3227 1195 3312 μή
1211 3235 1278 3296 δεῖν
1292 3232 1474 3310 κωμωιδεῖν

217 3333 252 3409 ἐξ
280 3327 450 3407 ὀνόματος.
496 3336 549 3394 καί
579 3332 631 3394 ἐπί
658 3327 779 3395 τούτωι
808 3339 927 3422 πολλοί
956 3342 1023 3398 τῶν
1052 3341 1197 3414 ποιητῶν
1221 3331 1262 3399 ov’
1284 3343 1474 3417 προσῆλθον

109 3515 113 3522 Ι
217 3431 397 3516 ληψόμενοι
419 3429 478 3496 τὸν
498 3428 616 3514 ’καιρόν
637 3431 750 3514 (χορόν
770 3433 899 3512 suidas),
919 3439 975 3498 ,καί
998 3438 1097 3516 δῆλον
1120 3431 1171 3500 ὅτι
1193 3443 1311 3501 πολλοί
1333 3445 1401 3501 τῶν
1420 3462 1475 3518 χο-

219 3543 344 3619 ρευτῶν
374 3536 523 3598 ἐπείνων.
577 3531 717 3616 ἐχορήγει
746 3539 779 3600 δέ
808 3529 826 3600 ὃ
857 3533 1039 3616 Ἀντίμαχος
1067 3543 1140 3601 τότε
1167 3534 1220 3602 ὅτε
1249 3536 1407 3619 είσήνεγκε
1436 3536 1475 3604 τὸ

217 3633 376 3720 ψήφισμα.
407 3634 480 3715 legis
495 3633 710 3697 Antimacheae
724 3638 863 3699 memoria
877 3658 915 3699 ex
929 3636 1009 3700 falsa
1022 3649 1126 3720 poetae
1140 3640 1381 3721 interpretatione
1396 3652 1475 3703 nata.

306 3743 334 3802 8.
356 3736 456 3800 Schol.
471 3737 526 3799 Ar.
540 3735 602 3800 Av.
620 3740 701 3800 1297
718 3746 942 3820 Συρακοσίωι·
965 3735 1063 3818 οὗτος
1084 3738 1145 3823 γὰρ
1166 3749 1233 3806 τῶν
1248 3748 1320 3825 περί
1335 3740 1374 3807 τὸ
1388 3750 1475 3825 βῆμα
1533 3817 1535 3824 y

219 3889 274 3907 ...
301 3845 390 3904 δοκεῖ
410 3841 443 3903 δέ
465 3844 519 3903 καί
541 3837 690 3920 ψήφισμα
711 3844 888 3906 τεθεικέναι
908 3838 952 3922 μή
967 3847 1206 3920 κωμωιδεῖσδαι
1222 3842 1379 3922 ὀνομαστί
1392 3869 1491 3924 τινα.

108 4020 111 4030 Ι
220 3936 265 4019 ὡς
292 3937 450 4024 Φρύνιχος
478 3942 512 4004 ἐν
535 3937 756 4023 Μονοτρόπωι
779 3949 857 4025 φησί
873 3941 980 4025 (μῶρ’
1005 3945 1052 4024 έχε
1074 3942 1290 4028 Συρακόσιον,
1320 3945 1477 4029 ἐπιφανής

220 4042 281 4128 γὰρ
305 4042 407 4107 adroic
429 4048 482 4105 καί
503 4047 583 4122 μέγα
605 4039 713 4123 τύχοι·
735 4042 884 4123 α’φείλετο
906 4043 967 4128 γὰρ
989 4052 1170 4123 κωμωιδεῖν
1193 4045 1251 4126 οὓς
1274 4046 1476 4125 ἐπεθύμουν

219 4147 263 4223 (in
291 4144 400 4226 quibus
429 4143 504 4204 nihil
532 4153 644 4222 certum
665 4146 721 4208 nisi
743 4147 815 4222 hoc,
843 4158 1022 4228 anapaestos
1044 4148 1136 4211 fuisse
1157 4149 1282 4213 tentasse
1303 4172 1320 4211 e
1341 4152 1478 4233 parabasi
1557 4218 1559 4224 ¹

220 4247 347 4329 petitos).
400 4245 437 4306 de
463 4246 610 4328 Syracosii
642 4248 792 4327 rogatione
822 4249 922 4310 omnia
950 4249 1083 4330 pendent
1109 4272 1126 4311 e
1154 4252 1316 4333 Phrynichi
1343 4254 1478 4316 versibus

161 4434 163 4439 Ι
220 4358 298 4411 recte
319 4348 563 4428 interpretandis3
585 4370 642 4434 nos
664 4349 735 4428 quid
757 4358 845 4430 poeta
865 4350 971 4412 dixerit
992 4351 1170 4432 ignoramus.
