<?xml version="1.0" encoding="UTF-8"?>
<!DOCTYPE html PUBLIC "-//W3C//DTD XHTML 1.0 Transitional//EN"
    "http://www.w3.org/TR/xhtml1/DTD/xhtml1-transitional.dtd">
<html xmlns="http://www.w3.org/1999/xhtml" xml:lang="en" lang="en">
 <head>
  <title>
</title>
<meta http-equiv="Content-Type" content="text/html;charset=utf-8" />
  <meta name='ocr-system' content='tesseract 3.04.00' />
  <meta name='ocr-capabilities' content='ocr_page ocr_carea ocr_par ocr_line ocrx_word'/>
</head>
<body>
  <div class='ocr_page' id='page_1' title='image "./comicorvmgraeco01kaibgoog_0021.png"; bbox 0 0 3164 4800; ppageno 0'>
   <div class='ocr_carea' id='block_1_1' title="bbox 572 312 973 366">
    <p class='ocr_par' dir='ltr' id='par_1_1' title="bbox 572 312 973 366">
     <span class='ocr_line' id='line_1_1' title="bbox 572 312 973 366; baseline -0.007 -2"><span class='ocrx_word' id='word_1_1' title='bbox 572 316 618 364; x_wconf 89' lang='lat' dir='ltr'><strong><em>DE</em></strong></span> <span class='ocrx_word' id='word_1_2' title='bbox 636 313 816 366; x_wconf 80' lang='lat' dir='ltr'>COMOEDIA</span> <span class='ocrx_word' id='word_1_3' title='bbox 833 312 973 363; x_wconf 78' lang='lat' dir='ltr'>GRAECA</span> 
     </span>
    </p>
   </div>
   <div class='ocr_carea' id='block_1_2' title="bbox 273 510 1277 604">
    <p class='ocr_par' dir='ltr' id='par_1_2' title="bbox 273 510 1277 604">
     <span class='ocr_line' id='line_1_2' title="bbox 273 510 1277 604; baseline -0.005 -5"><span class='ocrx_word' id='word_1_4' title='bbox 273 543 300 604; x_wconf 85' lang='lat'><strong><em>2.</em></strong></span> <span class='ocrx_word' id='word_1_5' title='bbox 336 532 426 599; x_wconf 88' lang='grc' dir='ltr'><strong><em>ΥοΥ</em></strong></span> <span class='ocrx_word' id='word_1_6' title='bbox 446 531 592 597; x_wconf 83' lang='grc' dir='ltr'>ΑΥΥοΥ</span> <span class='ocrx_word' id='word_1_7' title='bbox 613 510 719 596; x_wconf 77' lang='grc' dir='ltr'><strong><em>ΠΕΡι</em></strong></span> <span class='ocrx_word' id='word_1_8' title='bbox 735 530 951 599; x_wconf 67' lang='lat' dir='ltr'><strong>sucossi</strong></span> <span class='ocrx_word' id='word_1_9' title='bbox 972 531 1277 598; x_wconf 77' lang='grc' dir='ltr'>ΧΑΡΑΥΥΗΡΩΝ.</span> 
     </span>
    </p>
   </div>
   <div class='ocr_carea' id='block_1_3' title="bbox 59 686 1441 2605">
    <p class='ocr_par' dir='ltr' id='par_1_3' title="bbox 59 686 1441 2605">
     <span class='ocr_line' id='line_1_3' title="bbox 235 686 1402 773; baseline 0.002 -22"><span class='ocrx_word' id='word_1_10' title='bbox 235 697 280 756; x_wconf 91' lang='grc'><strong><em>14.</em></strong></span> <span class='ocrx_word' id='word_1_11' title='bbox 312 692 472 773; x_wconf 81' lang='grc' dir='ltr'><strong><em>Κρατῖνος</em></strong></span> <span class='ocrx_word' id='word_1_12' title='bbox 501 687 520 754; x_wconf 81' lang='grc' dir='ltr'><strong>ὃ</strong></span> <span class='ocrx_word' id='word_1_13' title='bbox 547 697 604 771; x_wconf 86' lang='grc' dir='ltr'><strong><em>τῆς</em></strong></span> <span class='ocrx_word' id='word_1_14' title='bbox 625 697 765 766; x_wconf 86' lang='grc' dir='ltr'><strong><em>παλαιᾶς</em></strong></span> <span class='ocrx_word' id='word_1_15' title='bbox 792 694 975 767; x_wconf 88' lang='grc' dir='ltr'><strong><em>κωμωιδίας</em></strong></span> <span class='ocrx_word' id='word_1_16' title='bbox 1003 687 1152 772; x_wconf 82' lang='grc' dir='ltr'><strong><em>ποιητής,</em></strong></span> <span class='ocrx_word' id='word_1_17' title='bbox 1182 686 1237 753; x_wconf 78' lang='grc' dir='ltr'><strong><em>ἅτε</em></strong></span> <span class='ocrx_word' id='word_1_18' title='bbox 1260 686 1297 771; x_wconf 82' lang='grc' dir='ltr'><strong><em>δὴ</em></strong></span> <span class='ocrx_word' id='word_1_19' title='bbox 1320 687 1402 754; x_wconf 81' lang='grc' dir='ltr'><strong><em>κατὰ</em></strong></span> 
     </span>
     <span class='ocr_line' id='line_1_4' title="bbox 146 787 1400 875; baseline -0.002 -18"><span class='ocrx_word' id='word_1_20' title='bbox 146 789 204 870; x_wconf 83' lang='grc' dir='ltr'><strong><em>τάς</em></strong></span> <span class='ocrx_word' id='word_1_21' title='bbox 225 789 408 874; x_wconf 80' lang='grc' dir='ltr'><strong><em>Ἀρχιλόχου</em></strong></span> <span class='ocrx_word' id='word_1_22' title='bbox 431 788 598 874; x_wconf 75' lang='grc' dir='ltr'><strong><em>ζηλώσεις,</em></strong></span> <span class='ocrx_word' id='word_1_23' title='bbox 622 787 781 873; x_wconf 79' lang='grc' dir='ltr'><strong><em>αὐστηρὸς</em></strong></span> <span class='ocrx_word' id='word_1_24' title='bbox 803 796 862 869; x_wconf 77' lang='grc' dir='ltr'><strong><em>μὲν</em></strong></span> <span class='ocrx_word' id='word_1_25' title='bbox 880 806 950 869; x_wconf 87' lang='grc' dir='ltr'><strong><em>ταῖς</em></strong></span> <span class='ocrx_word' id='word_1_26' title='bbox 964 797 1141 875; x_wconf 77' lang='grc' dir='ltr'><strong><em>λοιδορίαις</em></strong></span> <span class='ocrx_word' id='word_1_27' title='bbox 1156 792 1259 856; x_wconf 89' lang='grc' dir='ltr'><strong><em>ἐστίν·</em></strong></span> <span class='ocrx_word' id='word_1_28' title='bbox 1280 789 1325 856; x_wconf 78' lang='grc' dir='ltr'><strong><em>ὀυ’</em></strong></span> <span class='ocrx_word' id='word_1_29' title='bbox 1340 815 1400 873; x_wconf 93' lang='grc' dir='ltr'><strong><em>γαρ</em></strong></span> 
     </span>
     <span class='ocr_line' id='line_1_5' title="bbox 61 882 1441 977; baseline -0.005 -17"><span class='ocrx_word' id='word_1_30' title='bbox 61 882 63 887; x_wconf 32' lang='grc'><em>“</em></span> <span class='ocrx_word' id='word_1_31' title='bbox 146 892 253 977; x_wconf 78' lang='grc' dir='ltr'><strong><em>ὥσπερ</em></strong></span> <span class='ocrx_word' id='word_1_32' title='bbox 281 892 512 976; x_wconf 79' lang='grc' dir='ltr'><strong><em>Ἀριστοφάνης</em></strong></span> <span class='ocrx_word' id='word_1_33' title='bbox 541 890 713 976; x_wconf 70' lang='grc' dir='ltr'><strong><em>ἐπιτρέχειν</em></strong></span> <span class='ocrx_word' id='word_1_34' title='bbox 741 890 921 976; x_wconf 81' lang='grc' dir='ltr'><strong><em>τηνχάριν</em></strong></span> <span class='ocrx_word' id='word_1_35' title='bbox 948 909 1018 971; x_wconf 90' lang='grc' dir='ltr'><strong><em>τοῖς</em></strong></span> <span class='ocrx_word' id='word_1_36' title='bbox 1041 889 1207 971; x_wconf 77' lang='grc' dir='ltr'><strong><em>σκώμμασι</em></strong></span> <span class='ocrx_word' id='word_1_37' title='bbox 1230 908 1330 974; x_wconf 86' lang='grc' dir='ltr'><strong><em>ποιεῖ,</em></strong></span> <span class='ocrx_word' id='word_1_38' title='bbox 1361 890 1441 957; x_wconf 76' lang='grc' dir='ltr'><strong><em>τὸῖσ</em></strong></span> 
     </span>
     <span class='ocr_line' id='line_1_6' title="bbox 147 992 1401 1085; baseline -0.002 -22"><span class='ocrx_word' id='word_1_39' title='bbox 147 993 306 1085; x_wconf 79' lang='grc' dir='ltr'><strong><em>φορτικὸν</em></strong></span> <span class='ocrx_word' id='word_1_40' title='bbox 327 1005 383 1078; x_wconf 79' lang='grc' dir='ltr'><strong><em>τῆς</em></strong></span> <span class='ocrx_word' id='word_1_41' title='bbox 405 992 612 1077; x_wconf 77' lang='grc' dir='ltr'><strong><em>ἐπιτιμήσεως</em></strong></span> <span class='ocrx_word' id='word_1_42' title='bbox 634 992 826 1078; x_wconf 81' lang='grc' dir='ltr'><strong><em>διὰταύτης</em></strong></span> <span class='ocrx_word' id='word_1_43' title='bbox 848 995 1004 1079; x_wconf 92' lang='grc' dir='ltr'><strong><em>άναιρῶν,</em></strong></span> <span class='ocrx_word' id='word_1_44' title='bbox 1028 994 1099 1060; x_wconf 78' lang='grc' dir='ltr'><strong><em>ἀλλ’</em></strong></span> <span class='ocrx_word' id='word_1_45' title='bbox 1115 993 1228 1073; x_wconf 73' lang='grc' dir='ltr'><strong><em>ἁπλῶς</em></strong></span> <span class='ocrx_word' id='word_1_46' title='bbox 1246 992 1327 1060; x_wconf 81' lang='grc' dir='ltr'><strong><em>κατὰ</em></strong></span> <span class='ocrx_word' id='word_1_47' title='bbox 1342 992 1401 1077; x_wconf 82' lang='grc' dir='ltr'><strong><em>τὴν</em></strong></span> 
     </span>
     <span class='ocr_line' id='line_1_7' title="bbox 146 1094 1402 1183; baseline -0.003 -18"><span class='ocrx_word' id='word_1_48' title='bbox 146 1107 323 1183; x_wconf 79' lang='grc' dir='ltr'><strong><em>παροιμίαν</em></strong></span> <span class='ocrx_word' id='word_1_49' title='bbox 345 1106 461 1181; x_wconf 83' lang='grc' dir='ltr'><strong><em>γυμνῆι</em></strong></span> <span class='ocrx_word' id='word_1_50' title='bbox 481 1105 532 1180; x_wconf 83' lang='grc' dir='ltr'><strong><em>τῆι</em></strong></span> <span class='ocrx_word' id='word_1_51' title='bbox 546 1106 681 1180; x_wconf 83' lang='grc' dir='ltr'><strong><em>κεφαλῆι</em></strong></span> <span class='ocrx_word' id='word_1_52' title='bbox 702 1105 810 1180; x_wconf 72' lang='grc' dir='ltr'><strong><em>τίθησι</em></strong></span> <span class='ocrx_word' id='word_1_53' title='bbox 825 1094 883 1175; x_wconf 84' lang='grc' dir='ltr'><strong><em>τάς</em></strong></span> <span class='ocrx_word' id='word_1_54' title='bbox 896 1104 1101 1180; x_wconf 82' lang='grc' dir='ltr'><strong><em>βλασφημίας</em></strong></span> <span class='ocrx_word' id='word_1_55' title='bbox 1123 1095 1204 1162; x_wconf 83' lang='grc' dir='ltr'><strong><em>κατὰ</em></strong></span> <span class='ocrx_word' id='word_1_56' title='bbox 1218 1106 1286 1163; x_wconf 89' lang='grc' dir='ltr'><strong><em>τῶν</em></strong></span> <span class='ocrx_word' id='word_1_57' title='bbox 1303 1096 1402 1180; x_wconf 81' lang='grc' dir='ltr'><strong><em>ἆμαρ·</em></strong></span> 
     </span>
     <span class='ocr_line' id='line_1_8' title="bbox 146 1197 1402 1282; baseline -0.001 -17"><span class='ocrx_word' id='word_1_58' title='bbox 146 1199 326 1282; x_wconf 89' lang='grc' dir='ltr'><strong><em>τανόντων,</em></strong></span> <span class='ocrx_word' id='word_1_59' title='bbox 354 1197 459 1277; x_wconf 87' lang='grc' dir='ltr'><strong><em>πολύς</em></strong></span> <span class='ocrx_word' id='word_1_60' title='bbox 488 1204 521 1265; x_wconf 83' lang='grc' dir='ltr'><strong><em>δέ</em></strong></span> <span class='ocrx_word' id='word_1_61' title='bbox 552 1206 605 1265; x_wconf 87' lang='grc' dir='ltr'><strong><em>καί</em></strong></span> <span class='ocrx_word' id='word_1_62' title='bbox 633 1197 704 1282; x_wconf 90' lang='grc' dir='ltr'><strong><em>&lt;ἐν&gt;</em></strong></span> <span class='ocrx_word' id='word_1_63' title='bbox 730 1214 800 1277; x_wconf 89' lang='grc' dir='ltr'><strong><em>ταῖς</em></strong></span> <span class='ocrx_word' id='word_1_64' title='bbox 829 1215 965 1282; x_wconf 87' lang='grc' dir='ltr'><strong><em>τροπαῖς</em></strong></span> <span class='ocrx_word' id='word_1_65' title='bbox 991 1197 1152 1282; x_wconf 86' lang='grc' dir='ltr'><strong><em>τυγχάνει.</em></strong></span> <span class='ocrx_word' id='word_1_66' title='bbox 1196 1197 1347 1280; x_wconf 74' lang='grc' dir='ltr'><strong><em>εὔστοχος</em></strong></span> <span class='ocrx_word' id='word_1_67' title='bbox 1369 1204 1402 1265; x_wconf 79' lang='grc' dir='ltr'><strong><em>δὲ</em></strong></span> 
     </span>
     <span class='ocr_line' id='line_1_9' title="bbox 146 1298 1401 1383; baseline -0.001 -16"><span class='ocrx_word' id='word_1_68' title='bbox 146 1301 194 1368; x_wconf 79' lang='grc' dir='ltr'><strong><em>ὢν</em></strong></span> <span class='ocrx_word' id='word_1_69' title='bbox 223 1305 258 1368; x_wconf 84' lang='grc' dir='ltr'><strong><em>ἐν</em></strong></span> <span class='ocrx_word' id='word_1_70' title='bbox 286 1317 357 1379; x_wconf 88' lang='grc' dir='ltr'><strong><em>ταῖς</em></strong></span> <span class='ocrx_word' id='word_1_71' title='bbox 385 1303 550 1379; x_wconf 80' lang='grc' dir='ltr'><strong><em>ἐπιβολαῖς</em></strong></span> <span class='ocrx_word' id='word_1_72' title='bbox 572 1309 644 1368; x_wconf 90' lang='grc' dir='ltr'><strong><em>,τῶν</em></strong></span> <span class='ocrx_word' id='word_1_73' title='bbox 672 1298 846 1383; x_wconf 89' lang='grc' dir='ltr'><strong><em>δραμάτων</em></strong></span> <span class='ocrx_word' id='word_1_74' title='bbox 873 1306 926 1365; x_wconf 88' lang='grc' dir='ltr'><strong><em>καί</em></strong></span> <span class='ocrx_word' id='word_1_75' title='bbox 953 1300 1148 1383; x_wconf 89' lang='grc' dir='ltr'><strong><em>διασκευαῖς,</em></strong></span> <span class='ocrx_word' id='word_1_76' title='bbox 1178 1303 1246 1366; x_wconf 79' lang='grc' dir='ltr'><strong><em>εἶτα</em></strong></span> <span class='ocrx_word' id='word_1_77' title='bbox 1274 1317 1401 1382; x_wconf 89' lang='grc' dir='ltr'><strong><em>προιων</em></strong></span> 
     </span>
     <span class='ocr_line' id='line_1_10' title="bbox 144 1397 1440 1497; baseline -0.004 -27"><span class='ocrx_word' id='word_1_78' title='bbox 144 1411 199 1470; x_wconf 83' lang='grc' dir='ltr'><strong><em>καί</em></strong></span> <span class='ocrx_word' id='word_1_79' title='bbox 232 1410 377 1470; x_wconf 78' lang='grc' dir='ltr'><strong><em>διασπῶν</em></strong></span> <span class='ocrx_word' id='word_1_80' title='bbox 409 1397 467 1497; x_wconf 77' lang='grc' dir='ltr'><strong><em>τάς</em></strong></span> <span class='ocrx_word' id='word_1_81' title='bbox 497 1401 670 1481; x_wconf 75' lang='grc' dir='ltr'><strong><em>ὑποθέσεις</em></strong></span> <span class='ocrx_word' id='word_1_82' title='bbox 702 1402 763 1468; x_wconf 88' lang='grc' dir='ltr'><strong><em>ούκ</em></strong></span> <span class='ocrx_word' id='word_1_83' title='bbox 798 1400 992 1481; x_wconf 73' lang='grc' dir='ltr'><strong><em>ἀκολούθως</em></strong></span> <span class='ocrx_word' id='word_1_84' title='bbox 1024 1413 1145 1487; x_wconf 84' lang='grc' dir='ltr'><strong><em>πληροῖ</em></strong></span> <span class='ocrx_word' id='word_1_85' title='bbox 1175 1401 1215 1467; x_wconf 85' lang='grc' dir='ltr'><strong><em>τά</em></strong></span> <span class='ocrx_word' id='word_1_86' title='bbox 1244 1401 1398 1487; x_wconf 77' lang='grc' dir='ltr'><strong><em>δράματα.</em></strong></span> <span class='ocrx_word' id='word_1_87' title='bbox 1411 1413 1440 1464; x_wconf 84' lang='lat'><strong><em>80</em></strong></span> 
     </span>
     <span class='ocr_line' id='line_1_11' title="bbox 150 1503 1402 1588; baseline 0.002 -19"><span class='ocrx_word' id='word_1_88' title='bbox 150 1513 199 1569; x_wconf 85' lang='lat'><strong><em>15.</em></strong></span> <span class='ocrx_word' id='word_1_89' title='bbox 227 1505 371 1583; x_wconf 77' lang='grc' dir='ltr'><strong><em>Εὔπολις</em></strong></span> <span class='ocrx_word' id='word_1_90' title='bbox 393 1510 426 1570; x_wconf 77' lang='grc' dir='ltr'><strong><em>δὲ</em></strong></span> <span class='ocrx_word' id='word_1_91' title='bbox 449 1503 671 1585; x_wconf 81' lang='grc' dir='ltr'><strong><em>εύφάνταστος</em></strong></span> <span class='ocrx_word' id='word_1_92' title='bbox 691 1508 750 1583; x_wconf 76' lang='grc' dir='ltr'><strong><em>μὲν</em></strong></span> <span class='ocrx_word' id='word_1_93' title='bbox 773 1509 817 1582; x_wconf 92' lang='grc' dir='ltr'><strong><em>εἰς</em></strong></span> <span class='ocrx_word' id='word_1_94' title='bbox 837 1503 1024 1588; x_wconf 83' lang='grc' dir='ltr'><strong><em>ὑπερβολήν</em></strong></span> <span class='ocrx_word' id='word_1_95' title='bbox 1039 1508 1116 1570; x_wconf 62' lang='grc' dir='ltr'><strong><em>’ἐστι</em></strong></span> <span class='ocrx_word' id='word_1_96' title='bbox 1138 1503 1220 1570; x_wconf 82' lang='grc' dir='ltr'><strong><em>κατὰ</em></strong></span> <span class='ocrx_word' id='word_1_97' title='bbox 1242 1503 1299 1582; x_wconf 81' lang='grc' dir='ltr'><strong><em>τὰς</em></strong></span> <span class='ocrx_word' id='word_1_98' title='bbox 1320 1503 1402 1571; x_wconf 87' lang='grc' dir='ltr'><strong><em>ύπο-</em></strong></span> 
     </span>
     <span class='ocr_line' id='line_1_12' title="bbox 146 1603 1401 1690; baseline -0.002 -16"><span class='ocrx_word' id='word_1_99' title='bbox 146 1612 266 1686; x_wconf 74' lang='grc' dir='ltr'><strong><em>βέσεις·</em></strong></span> <span class='ocrx_word' id='word_1_100' title='bbox 289 1606 347 1686; x_wconf 82' lang='grc' dir='ltr'><strong><em>τὰς</em></strong></span> <span class='ocrx_word' id='word_1_101' title='bbox 360 1605 421 1690; x_wconf 81' lang='grc' dir='ltr'><strong><em>γάρ</em></strong></span> <span class='ocrx_word' id='word_1_102' title='bbox 437 1605 609 1690; x_wconf 84' lang='grc' dir='ltr'><strong><em>εἰσηγήσεις</em></strong></span> <span class='ocrx_word' id='word_1_103' title='bbox 629 1603 769 1687; x_wconf 83' lang='grc' dir='ltr'><strong><em>μεγάλας</em></strong></span> <span class='ocrx_word' id='word_1_104' title='bbox 789 1615 857 1672; x_wconf 89' lang='grc' dir='ltr'><strong><em>τῶν</em></strong></span> <span class='ocrx_word' id='word_1_105' title='bbox 873 1605 1046 1690; x_wconf 84' lang='grc' dir='ltr'><strong><em>δραμάτων</em></strong></span> <span class='ocrx_word' id='word_1_106' title='bbox 1069 1622 1207 1672; x_wconf 88' lang='grc' dir='ltr'><strong><em>ποιεῖται</em></strong></span> <span class='ocrx_word' id='word_1_107' title='bbox 1229 1613 1282 1672; x_wconf 82' lang='grc' dir='ltr'><strong><em>καί</em></strong></span> <span class='ocrx_word' id='word_1_108' title='bbox 1299 1604 1401 1689; x_wconf 80' lang='grc' dir='ltr'><strong><em>ἥνπερ</em></strong></span> 
     </span>
     <span class='ocr_line' id='line_1_13' title="bbox 101 1705 1401 1794; baseline -0.002 -19"><span class='ocrx_word' id='word_1_109' title='bbox 101 1734 104 1741; x_wconf 86' lang='grc'><strong>’</strong></span> <span class='ocrx_word' id='word_1_110' title='bbox 146 1713 181 1777; x_wconf 87' lang='grc' dir='ltr'><strong><em>ἐν</em></strong></span> <span class='ocrx_word' id='word_1_111' title='bbox 202 1719 254 1794; x_wconf 84' lang='grc' dir='ltr'><strong><em>τῆι</em></strong></span> <span class='ocrx_word' id='word_1_112' title='bbox 276 1706 455 1793; x_wconf 81' lang='grc' dir='ltr'><strong><em>παραβάσει</em></strong></span> <span class='ocrx_word' id='word_1_113' title='bbox 477 1716 658 1789; x_wconf 81' lang='grc' dir='ltr'><strong><em>φαντασίαν</em></strong></span> <span class='ocrx_word' id='word_1_114' title='bbox 686 1713 834 1775; x_wconf 85' lang='grc' dir='ltr'><strong><em>κινοῦσιν</em></strong></span> <span class='ocrx_word' id='word_1_115' title='bbox 863 1714 894 1775; x_wconf 82' lang='grc' dir='ltr'><strong><em>οἰ</em></strong></span> <span class='ocrx_word' id='word_1_116' title='bbox 912 1716 1041 1790; x_wconf 88' lang='grc' dir='ltr'><strong><em>λοιποί,</em></strong></span> <span class='ocrx_word' id='word_1_117' title='bbox 1071 1705 1192 1792; x_wconf 89' lang='grc' dir='ltr'><strong><em>ταύτην</em></strong></span> <span class='ocrx_word' id='word_1_118' title='bbox 1215 1711 1337 1786; x_wconf 87' lang='grc' dir='ltr'><strong><em>ἐκεῖνος</em></strong></span> <span class='ocrx_word' id='word_1_119' title='bbox 1366 1711 1401 1773; x_wconf 89' lang='grc' dir='ltr'><strong><em>ἐν</em></strong></span> 
     </span>
     <span class='ocr_line' id='line_1_14' title="bbox 145 1808 1401 1895; baseline -0.003 -17"><span class='ocrx_word' id='word_1_120' title='bbox 145 1809 294 1895; x_wconf 85' lang='grc' dir='ltr'><strong><em>&lt;αύτοῖς&gt;</em></strong></span> <span class='ocrx_word' id='word_1_121' title='bbox 322 1826 392 1890; x_wconf 90' lang='grc' dir='ltr'><strong><em>τοῖς</em></strong></span> <span class='ocrx_word' id='word_1_122' title='bbox 417 1808 585 1894; x_wconf 91' lang='grc' dir='ltr'><strong><em>δράμασιν,</em></strong></span> <span class='ocrx_word' id='word_1_123' title='bbox 615 1809 788 1892; x_wconf 87' lang='grc' dir='ltr'><strong><em>άναγαγεῖν</em></strong></span> <span class='ocrx_word' id='word_1_124' title='bbox 816 1810 927 1889; x_wconf 74' lang='grc' dir='ltr'><strong><em>ἱκανὸς</em></strong></span> <span class='ocrx_word' id='word_1_125' title='bbox 955 1809 1003 1876; x_wconf 81' lang='grc' dir='ltr'><strong><em>όν</em></strong></span> <span class='ocrx_word' id='word_1_126' title='bbox 1026 1813 1061 1890; x_wconf 84' lang='grc' dir='ltr'><strong><em>ἐξ</em></strong></span> <span class='ocrx_word' id='word_1_127' title='bbox 1077 1808 1186 1878; x_wconf 81' lang='grc' dir='ltr'><strong><em>Ἀιδου</em></strong></span> <span class='ocrx_word' id='word_1_128' title='bbox 1209 1819 1401 1888; x_wconf 76' lang='grc' dir='ltr'><strong><em>νομοθετῶν</em></strong></span> 
     </span>
     <span class='ocr_line' id='line_1_15' title="bbox 66 1902 1440 1998; baseline -0.006 -15"><span class='ocrx_word' id='word_1_129' title='bbox 66 1979 68 1983; x_wconf 91' lang='grc'>.</span> <span class='ocrx_word' id='word_1_130' title='bbox 94 1902 97 1907; x_wconf 35' lang='grc'><strong><em>’</em></strong></span> <span class='ocrx_word' id='word_1_131' title='bbox 145 1911 306 1998; x_wconf 89' lang='grc' dir='ltr'><strong><em>πρόσωπα</em></strong></span> <span class='ocrx_word' id='word_1_132' title='bbox 327 1921 381 1978; x_wconf 83' lang='grc' dir='ltr'><strong><em>καί</em></strong></span> <span class='ocrx_word' id='word_1_133' title='bbox 403 1913 450 1979; x_wconf 81' lang='grc' dir='ltr'><strong><em>δι’</em></strong></span> <span class='ocrx_word' id='word_1_134' title='bbox 470 1912 580 1979; x_wconf 87' lang='grc' dir='ltr'><strong><em>αύτῶν</em></strong></span> <span class='ocrx_word' id='word_1_135' title='bbox 603 1910 827 1996; x_wconf 77' lang='grc' dir='ltr'><strong><em>εἰσηγούμενος</em></strong></span> <span class='ocrx_word' id='word_1_136' title='bbox 848 1912 867 1996; x_wconf 76' lang='grc' dir='ltr'>ἢ</span> <span class='ocrx_word' id='word_1_137' title='bbox 890 1921 962 1997; x_wconf 80' lang='grc' dir='ltr'><strong><em>περὶ</em></strong></span> <span class='ocrx_word' id='word_1_138' title='bbox 983 1917 1104 1991; x_wconf 78' lang='grc' dir='ltr'><strong><em>θέσεως</em></strong></span> <span class='ocrx_word' id='word_1_139' title='bbox 1126 1910 1238 1991; x_wconf 91' lang='grc' dir='ltr'><strong><em>νόμων</em></strong></span> <span class='ocrx_word' id='word_1_140' title='bbox 1261 1910 1280 1993; x_wconf 80' lang='grc' dir='ltr'>ἢ</span> <span class='ocrx_word' id='word_1_141' title='bbox 1302 1925 1440 1976; x_wconf 83' lang='grc' dir='ltr'><strong><em>κατα·85</em></strong></span> 
     </span>
     <span class='ocr_line' id='line_1_16' title="bbox 145 2011 1401 2099; baseline -0.004 -17"><span class='ocrx_word' id='word_1_142' title='bbox 145 2014 278 2094; x_wconf 86' lang='grc' dir='ltr'><strong><em>λύσεως.</em></strong></span> <span class='ocrx_word' id='word_1_143' title='bbox 323 2013 431 2099; x_wconf 75' lang='grc' dir='ltr'><strong><em>ῶσπερ</em></strong></span> <span class='ocrx_word' id='word_1_144' title='bbox 447 2019 480 2080; x_wconf 82' lang='grc' dir='ltr'><strong><em>δέ</em></strong></span> <span class='ocrx_word' id='word_1_145' title='bbox 504 2017 590 2080; x_wconf 84' lang='grc' dir='ltr'><strong><em>ἐστιν</em></strong></span> <span class='ocrx_word' id='word_1_146' title='bbox 605 2013 731 2097; x_wconf 85' lang='grc' dir='ltr'><strong><em>ύφηλὸς</em></strong></span> <span class='ocrx_word' id='word_1_147' title='bbox 753 2013 841 2081; x_wconf 77' lang='grc' dir='ltr'><strong><em>οὕτω</em></strong></span> <span class='ocrx_word' id='word_1_148' title='bbox 857 2022 910 2081; x_wconf 87' lang='grc' dir='ltr'><strong><em>καί</em></strong></span> <span class='ocrx_word' id='word_1_149' title='bbox 926 2018 1068 2098; x_wconf 87' lang='grc' dir='ltr'><strong><em>ἐπίχαρις</em></strong></span> <span class='ocrx_word' id='word_1_150' title='bbox 1089 2021 1141 2079; x_wconf 83' lang='grc' dir='ltr'><strong><em>καί</em></strong></span> <span class='ocrx_word' id='word_1_151' title='bbox 1156 2011 1282 2096; x_wconf 80' lang='grc' dir='ltr'><strong><em>περὶτὰ</em></strong></span> <span class='ocrx_word' id='word_1_152' title='bbox 1297 2011 1401 2090; x_wconf 82' lang='grc' dir='ltr'><strong><em>σκῶμ-</em></strong></span> 
     </span>
     <span class='ocr_line' id='line_1_17' title="bbox 144 2112 1423 2201; baseline -0.003 -18"><span class='ocrx_word' id='word_1_153' title='bbox 144 2143 229 2197; x_wconf 90' lang='grc' dir='ltr'><strong><em>ματα</em></strong></span> <span class='ocrx_word' id='word_1_154' title='bbox 251 2125 326 2184; x_wconf 90' lang='grc' dir='ltr'><strong><em>λίαν</em></strong></span> <span class='ocrx_word' id='word_1_155' title='bbox 348 2116 508 2198; x_wconf 84' lang='grc' dir='ltr'><strong><em>εύστοχος.</em></strong></span> <span class='ocrx_word' id='word_1_156' title='bbox 559 2123 604 2184; x_wconf 91' lang='grc'><strong><em>16.</em></strong></span> <span class='ocrx_word' id='word_1_157' title='bbox 630 2115 648 2182; x_wconf 82' lang='grc' dir='ltr'><strong><em>δ</em></strong></span> <span class='ocrx_word' id='word_1_158' title='bbox 672 2122 704 2182; x_wconf 81' lang='grc' dir='ltr'><strong><em>δὲ</em></strong></span> <span class='ocrx_word' id='word_1_159' title='bbox 727 2116 955 2200; x_wconf 79' lang='grc' dir='ltr'><strong><em>Ἀριστοφάνης</em></strong></span> <span class='ocrx_word' id='word_1_160' title='bbox 977 2115 1036 2183; x_wconf 88' lang='grc' dir='ltr'><strong><em>τὸν</em></strong></span> <span class='ocrx_word' id='word_1_161' title='bbox 1056 2121 1156 2195; x_wconf 86' lang='grc' dir='ltr'><strong><em>με’σον</em></strong></span> <span class='ocrx_word' id='word_1_162' title='bbox 1178 2112 1311 2198; x_wconf 83' lang='grc' dir='ltr'><strong><em>ἐλήλακε</em></strong></span> <span class='ocrx_word' id='word_1_163' title='bbox 1332 2124 1401 2180; x_wconf 89' lang='grc' dir='ltr'><strong><em>τῶν</em></strong></span> <span class='ocrx_word' id='word_1_164' title='bbox 1421 2197 1423 2201; x_wconf 19' lang='grc' dir='ltr'>ι</span> 
     </span>
     <span class='ocr_line' id='line_1_18' title="bbox 60 2215 1401 2303; baseline -0.002 -18"><span class='ocrx_word' id='word_1_165' title='bbox 60 2244 63 2250; x_wconf 90' lang='grc'><em>·</em></span> <span class='ocrx_word' id='word_1_166' title='bbox 146 2218 276 2303; x_wconf 88' lang='grc' dir='ltr'><strong><em>άνδρῶν</em></strong></span> <span class='ocrx_word' id='word_1_167' title='bbox 295 2228 497 2302; x_wconf 82' lang='grc' dir='ltr'><strong><em>χαρακτῆρα·</em></strong></span> <span class='ocrx_word' id='word_1_168' title='bbox 535 2217 610 2285; x_wconf 87' lang='grc' dir='ltr'><strong><em>ούτε</em></strong></span> <span class='ocrx_word' id='word_1_169' title='bbox 631 2216 692 2301; x_wconf 80' lang='grc' dir='ltr'><strong><em>γὰρ</em></strong></span> <span class='ocrx_word' id='word_1_170' title='bbox 715 2217 831 2302; x_wconf 87' lang='grc' dir='ltr'><strong><em>πικρὸς</em></strong></span> <span class='ocrx_word' id='word_1_171' title='bbox 852 2227 926 2285; x_wconf 89' lang='grc' dir='ltr'><strong><em>λίαν</em></strong></span> <span class='ocrx_word' id='word_1_172' title='bbox 954 2222 1040 2285; x_wconf 86' lang='grc' dir='ltr'><strong><em>ἐστίν</em></strong></span> <span class='ocrx_word' id='word_1_173' title='bbox 1069 2215 1176 2300; x_wconf 74' lang='grc' dir='ltr'><strong><em>ὥσπερ</em></strong></span> <span class='ocrx_word' id='word_1_174' title='bbox 1199 2217 1218 2283; x_wconf 82' lang='grc' dir='ltr'><strong>ὃ</strong></span> <span class='ocrx_word' id='word_1_175' title='bbox 1240 2227 1401 2300; x_wconf 83' lang='grc' dir='ltr'><strong><em>Κρατῖνος</em></strong></span> 
     </span>
     <span class='ocr_line' id='line_1_19' title="bbox 147 2316 1401 2405; baseline -0.003 -18"><span class='ocrx_word' id='word_1_176' title='bbox 147 2321 222 2387; x_wconf 86' lang='grc' dir='ltr'><strong><em>ούτε</em></strong></span> <span class='ocrx_word' id='word_1_177' title='bbox 240 2330 362 2405; x_wconf 86' lang='grc' dir='ltr'><strong><em>χαρίεις</em></strong></span> <span class='ocrx_word' id='word_1_178' title='bbox 384 2319 491 2404; x_wconf 75' lang='grc' dir='ltr'><strong><em>ὥσπερ</em></strong></span> <span class='ocrx_word' id='word_1_179' title='bbox 515 2319 534 2387; x_wconf 81' lang='grc' dir='ltr'><strong><em>δ</em></strong></span> <span class='ocrx_word' id='word_1_180' title='bbox 555 2319 714 2401; x_wconf 80' lang='grc' dir='ltr'><strong><em>Εύπολις,</em></strong></span> <span class='ocrx_word' id='word_1_181' title='bbox 743 2319 816 2386; x_wconf 75' lang='grc' dir='ltr'><strong><em>ἄλλ’</em></strong></span> <span class='ocrx_word' id='word_1_182' title='bbox 839 2320 898 2404; x_wconf 75' lang='grc' dir='ltr'><strong><em>ἔχει</em></strong></span> <span class='ocrx_word' id='word_1_183' title='bbox 920 2329 974 2386; x_wconf 83' lang='grc' dir='ltr'><strong><em>καί</em></strong></span> <span class='ocrx_word' id='word_1_184' title='bbox 996 2320 1078 2405; x_wconf 88' lang='grc' dir='ltr'><strong><em>πρὸς</em></strong></span> <span class='ocrx_word' id='word_1_185' title='bbox 1099 2319 1177 2398; x_wconf 82' lang='grc' dir='ltr'><strong><em>τοὺς</em></strong></span> <span class='ocrx_word' id='word_1_186' title='bbox 1200 2316 1401 2402; x_wconf 75' lang='grc' dir='ltr'><strong><em>ἁμαρτάνον-</em></strong></span> 
     </span>
     <span class='ocr_line' id='line_1_20' title="bbox 59 2417 1440 2508; baseline -0.001 -18"><span class='ocrx_word' id='word_1_187' title='bbox 59 2417 62 2426; x_wconf 61' lang='grc'><strong>’</strong></span> <span class='ocrx_word' id='word_1_188' title='bbox 144 2450 202 2503; x_wconf 90' lang='grc' dir='ltr'><strong><em>τας</em></strong></span> <span class='ocrx_word' id='word_1_189' title='bbox 234 2423 272 2490; x_wconf 86' lang='grc' dir='ltr'><strong><em>τὸ</em></strong></span> <span class='ocrx_word' id='word_1_190' title='bbox 305 2422 450 2508; x_wconf 90' lang='grc' dir='ltr'><strong><em>σφοδρὸν</em></strong></span> <span class='ocrx_word' id='word_1_191' title='bbox 482 2431 545 2490; x_wconf 77' lang='grc' dir='ltr'><strong><em>τοῦ</em></strong></span> <span class='ocrx_word' id='word_1_192' title='bbox 573 2430 737 2506; x_wconf 84' lang='grc' dir='ltr'><strong><em>Κρατίνου</em></strong></span> <span class='ocrx_word' id='word_1_193' title='bbox 770 2429 823 2488; x_wconf 88' lang='grc' dir='ltr'><strong><em>καί</em></strong></span> <span class='ocrx_word' id='word_1_194' title='bbox 855 2421 894 2488; x_wconf 88' lang='grc' dir='ltr'><strong><em>τὸ</em></strong></span> <span class='ocrx_word' id='word_1_195' title='bbox 925 2433 981 2507; x_wconf 83' lang='grc' dir='ltr'><strong><em>τῆς</em></strong></span> <span class='ocrx_word' id='word_1_196' title='bbox 1013 2421 1237 2506; x_wconf 84' lang='grc' dir='ltr'><strong><em>ἐπιτρεχούσης</em></strong></span> <span class='ocrx_word' id='word_1_197' title='bbox 1266 2419 1440 2504; x_wconf 80' lang='grc' dir='ltr'><strong><em>χάριτος9θ</em></strong></span> 
     </span>
     <span class='ocr_line' id='line_1_21' title="bbox 145 2524 336 2605; baseline -0.026 -12"><span class='ocrx_word' id='word_1_198' title='bbox 145 2524 336 2605; x_wconf 79' lang='grc' dir='ltr'><strong><em>Εὐπόλιδος.</em></strong></span> 
     </span>
    </p>
   </div>
   <div class='ocr_carea' id='block_1_4' title="bbox 677 2714 878 2722">
    <p class='ocr_par' dir='ltr' id='par_1_4' title="bbox 677 2714 878 2722">
     <span class='ocr_line' id='line_1_22' title="bbox 677 2714 878 2722; baseline 0 -1"><span class='ocrx_word' id='word_1_199' title='bbox 677 2714 878 2722; x_wconf 76' lang='lat'><strong>——-—-—·</strong></span> 
     </span>
    </p>
   </div>
   <div class='ocr_carea' id='block_1_5' title="bbox 542 2902 993 3014">
    <p class='ocr_par' dir='ltr' id='par_1_5' title="bbox 542 2902 993 3014">
     <span class='ocr_line' id='line_1_23' title="bbox 542 2902 993 3014; baseline -0.011 -1"><span class='ocrx_word' id='word_1_200' title='bbox 542 2950 586 3014; x_wconf 86' lang='lat'><strong><em>11.</em></strong></span> <span class='ocrx_word' id='word_1_201' title='bbox 621 2945 722 3010; x_wconf 77' lang='lat' dir='ltr'><strong><em>usu</em></strong></span> <span class='ocrx_word' id='word_1_202' title='bbox 742 2902 993 3011; x_wconf 71' lang='lat' dir='ltr'><strong>susurrans.</strong></span> 
     </span>
    </p>
   </div>
   <div class='ocr_carea' id='block_1_6' title="bbox 147 3098 1437 3407">
    <p class='ocr_par' dir='ltr' id='par_1_6' title="bbox 147 3098 1437 3407">
     <span class='ocr_line' id='line_1_24' title="bbox 235 3098 1399 3203; baseline 0.002 -20"><span class='ocrx_word' id='word_1_203' title='bbox 235 3125 259 3187; x_wconf 91' lang='grc'><strong><em>1.</em></strong></span> <span class='ocrx_word' id='word_1_204' title='bbox 289 3119 358 3203; x_wconf 56' lang='grc' dir='ltr'><strong><em>Τὴν,</em></strong></span> <span class='ocrx_word' id='word_1_205' title='bbox 377 3125 564 3198; x_wconf 90' lang='grc' dir='ltr'><strong><em>κωμωιδίαν</em></strong></span> <span class='ocrx_word' id='word_1_206' title='bbox 594 3117 755 3202; x_wconf 78' lang='grc' dir='ltr'><strong><em>ηύρῆσθαί</em></strong></span> <span class='ocrx_word' id='word_1_207' title='bbox 783 3136 881 3199; x_wconf 92' lang='grc' dir='ltr'><strong><em>φασιν</em></strong></span> <span class='ocrx_word' id='word_1_208' title='bbox 909 3115 975 3183; x_wconf 80' lang='grc' dir='ltr'><strong><em>ύπό</em></strong></span> <span class='ocrx_word' id='word_1_209' title='bbox 1003 3126 1253 3200; x_wconf 88' lang='grc' dir='ltr'><strong><em>Σουσαρίωνος·</em></strong></span> <span class='ocrx_word' id='word_1_210' title='bbox 1284 3118 1343 3201; x_wconf 82' lang='grc' dir='ltr'><strong><em>τὴν</em></strong></span> <span class='ocrx_word' id='word_1_211' title='bbox 1366 3098 1399 3185; x_wconf 78' lang='grc' dir='ltr'><strong><em>δὲ</em></strong></span> 
     </span>
     <span class='ocr_line' id='line_1_25' title="bbox 147 3216 1437 3316; baseline -0.002 -28"><span class='ocrx_word' id='word_1_212' title='bbox 147 3221 328 3301; x_wconf 84' lang='grc' dir='ltr'><strong><em>ὀνομασίαν</em></strong></span> <span class='ocrx_word' id='word_1_213' title='bbox 350 3224 432 3304; x_wconf 83' lang='grc' dir='ltr'><strong><em>ἐχειν</em></strong></span> <span class='ocrx_word' id='word_1_214' title='bbox 455 3226 488 3289; x_wconf 79' lang='grc' dir='ltr'><strong><em>οἳ</em></strong></span> <span class='ocrx_word' id='word_1_215' title='bbox 507 3226 566 3301; x_wconf 76' lang='grc' dir='ltr'><strong><em>μὲν</em></strong></span> <span class='ocrx_word' id='word_1_216' title='bbox 588 3219 638 3288; x_wconf 87' lang='grc' dir='ltr'><strong><em>ότι</em></strong></span> <span class='ocrx_word' id='word_1_217' title='bbox 661 3228 734 3304; x_wconf 82' lang='grc' dir='ltr'><strong><em>περί</em></strong></span> <span class='ocrx_word' id='word_1_218' title='bbox 755 3218 813 3298; x_wconf 81' lang='grc' dir='ltr'><strong><em>τὰς</em></strong></span> <span class='ocrx_word' id='word_1_219' title='bbox 835 3216 945 3298; x_wconf 80' lang='grc' dir='ltr'><strong><em>κόμας</em></strong></span> <span class='ocrx_word' id='word_1_220' title='bbox 967 3217 1143 3302; x_wconf 87' lang='grc' dir='ltr'><strong><em>περιιόντες</em></strong></span> <span class='ocrx_word' id='word_1_221' title='bbox 1158 3216 1249 3304; x_wconf 81' lang='grc' dir='ltr'><strong><em>ἦιδον</em></strong></span> <span class='ocrx_word' id='word_1_222' title='bbox 1265 3228 1319 3286; x_wconf 88' lang='grc' dir='ltr'><strong><em>καί</em></strong></span> <span class='ocrx_word' id='word_1_223' title='bbox 1334 3224 1399 3286; x_wconf 81' lang='grc' dir='ltr'><strong><em>ἐπε·</em></strong></span> <span class='ocrx_word' id='word_1_224' title='bbox 1436 3313 1437 3316; x_wconf 8' lang='lat'>¹</span> 
     </span>
     <span class='ocr_line' id='line_1_26' title="bbox 147 3318 1400 3407; baseline -0.001 -17"><span class='ocrx_word' id='word_1_225' title='bbox 147 3331 326 3407; x_wconf 88' lang='grc' dir='ltr'><strong><em>δείκνυντο,</em></strong></span> <span class='ocrx_word' id='word_1_226' title='bbox 339 3321 444 3407; x_wconf 74' lang='grc' dir='ltr'><strong><em>’μήπω</em></strong></span> <span class='ocrx_word' id='word_1_227' title='bbox 467 3321 596 3390; x_wconf 91' lang='grc' dir='ltr'><strong><em>πόλεων</em></strong></span> <span class='ocrx_word' id='word_1_228' title='bbox 619 3322 730 3390; x_wconf 84' lang='grc' dir='ltr'><strong><em>ου’σῶν</em></strong></span> <span class='ocrx_word' id='word_1_229' title='bbox 752 3320 824 3388; x_wconf 78' lang='grc' dir='ltr'><strong><em>ἄλλ’</em></strong></span> <span class='ocrx_word' id='word_1_230' title='bbox 848 3323 882 3386; x_wconf 84' lang='grc' dir='ltr'><strong><em>ἐν</em></strong></span> <span class='ocrx_word' id='word_1_231' title='bbox 904 3318 1027 3400; x_wconf 80' lang='grc' dir='ltr'><strong><em>κώμαις</em></strong></span> <span class='ocrx_word' id='word_1_232' title='bbox 1050 3321 1233 3389; x_wconf 86' lang='grc' dir='ltr'><strong><em>οἰκούντων</em></strong></span> <span class='ocrx_word' id='word_1_233' title='bbox 1255 3333 1322 3390; x_wconf 89' lang='grc' dir='ltr'><strong><em>τῶν</em></strong></span> <span class='ocrx_word' id='word_1_234' title='bbox 1346 3324 1400 3389; x_wconf 87' lang='grc' dir='ltr'><strong><em>άν-</em></strong></span> 
     </span>
    </p>
   </div>
   <div class='ocr_carea' id='block_1_7' title="bbox 145 3588 1401 4004">
    <p class='ocr_par' dir='ltr' id='par_1_7' title="bbox 145 3588 1401 4004">
     <span class='ocr_line' id='line_1_27' title="bbox 229 3588 1400 3662; baseline -0.001 -15"><span class='ocrx_word' id='word_1_235' title='bbox 229 3598 286 3650; x_wconf 79' lang='grc' dir='ltr'><strong><em>Ι2.</em></strong></span> <span class='ocrx_word' id='word_1_236' title='bbox 314 3599 346 3650; x_wconf 83' lang='grc'><strong><em>73</em></strong></span> <span class='ocrx_word' id='word_1_237' title='bbox 365 3591 524 3662; x_wconf 81' lang='grc' dir='ltr'><strong><em>κωμωιδίαε</em></strong></span> <span class='ocrx_word' id='word_1_238' title='bbox 539 3595 626 3647; x_wconf 87' lang='lat' dir='ltr'><strong>om.G</strong></span> <span class='ocrx_word' id='word_1_239' title='bbox 708 3599 741 3648; x_wconf 81' lang='lat'><strong><em>74</em></strong></span> <span class='ocrx_word' id='word_1_240' title='bbox 761 3589 887 3660; x_wconf 79' lang='grc' dir='ltr'><strong><em>ζηλώσειε</em></strong></span> <span class='ocrx_word' id='word_1_241' title='bbox 903 3596 939 3644; x_wconf 82' lang='lat' dir='ltr'><strong><em>E:</em></strong></span> <span class='ocrx_word' id='word_1_242' title='bbox 965 3595 1088 3659; x_wconf 79' lang='grc' dir='ltr'><strong><em>ζητήσειε</em></strong></span> <span class='ocrx_word' id='word_1_243' title='bbox 1104 3594 1212 3658; x_wconf 80' lang='lat' dir='ltr'>reliqui,</span> <span class='ocrx_word' id='word_1_244' title='bbox 1238 3596 1287 3644; x_wconf 82' lang='grc' dir='ltr'><strong><em>ἅτε</em></strong></span> <span class='ocrx_word' id='word_1_245' title='bbox 1304 3588 1336 3658; x_wconf 78' lang='grc' dir='ltr'><strong><em>δή</em></strong></span> <span class='ocrx_word' id='word_1_246' title='bbox 1355 3598 1400 3646; x_wconf 82' lang='grc' dir='ltr'><strong><em>καί</em></strong></span> 
     </span>
     <span class='ocr_line' id='line_1_28' title="bbox 146 3674 1400 3749; baseline -0.002 -19"><span class='ocrx_word' id='word_1_247' title='bbox 146 3684 182 3731; x_wconf 78' lang='grc' dir='ltr'><strong><em>τὰ</em></strong></span> <span class='ocrx_word' id='word_1_248' title='bbox 198 3676 349 3749; x_wconf 78' lang='grc' dir='ltr'><strong><em>Ἀρχιλόχου</em></strong></span> <span class='ocrx_word' id='word_1_249' title='bbox 368 3676 489 3745; x_wconf 81' lang='grc' dir='ltr'><strong><em>ζηλώσας</em></strong></span> <span class='ocrx_word' id='word_1_250' title='bbox 504 3681 717 3732; x_wconf 84' lang='lat' dir='ltr'><strong>Hemsterhusins</strong></span> <span class='ocrx_word' id='word_1_251' title='bbox 793 3683 825 3733; x_wconf 79' lang='lat'><strong><em>76</em></strong></span> <span class='ocrx_word' id='word_1_252' title='bbox 843 3674 938 3731; x_wconf 80' lang='grc' dir='ltr'><strong><em>ἁπλῶς</em></strong></span> <span class='ocrx_word' id='word_1_253' title='bbox 954 3682 1000 3730; x_wconf 80' lang='grc' dir='ltr'><strong><em>καί</em></strong></span> <span class='ocrx_word' id='word_1_254' title='bbox 1018 3681 1089 3730; x_wconf 78' lang='grc' dir='ltr'><strong><em>κατὰ</em></strong></span> <span class='ocrx_word' id='word_1_255' title='bbox 1106 3680 1181 3729; x_wconf 78' lang='lat' dir='ltr'><strong>EAld</strong></span> <span class='ocrx_word' id='word_1_256' title='bbox 1257 3681 1289 3731; x_wconf 84' lang='grc'><strong><em>78</em></strong></span> <span class='ocrx_word' id='word_1_257' title='bbox 1309 3683 1339 3729; x_wconf 81' lang='grc' dir='ltr'><strong><em>ἰν</em></strong></span> <span class='ocrx_word' id='word_1_258' title='bbox 1355 3681 1400 3729; x_wconf 88' lang='lat' dir='ltr'><strong><em>ad·</em></strong></span> 
     </span>
     <span class='ocr_line' id='line_1_29' title="bbox 145 3759 1401 3835; baseline 0 -20"><span class='ocrx_word' id='word_1_259' title='bbox 145 3766 213 3829; x_wconf 87' lang='lat' dir='ltr'><strong>didi,</strong></span> <span class='ocrx_word' id='word_1_260' title='bbox 232 3770 279 3831; x_wconf 78' lang='grc' dir='ltr'><strong><em>τῆς</em></strong></span> <span class='ocrx_word' id='word_1_261' title='bbox 297 3771 400 3835; x_wconf 84' lang='grc' dir='ltr'><strong><em>τροπῆς</em></strong></span> <span class='ocrx_word' id='word_1_262' title='bbox 416 3767 453 3824; x_wconf 78' lang='lat' dir='ltr'><strong><em>F3</em></strong></span> <span class='ocrx_word' id='word_1_263' title='bbox 471 3767 505 3817; x_wconf 85' lang='lat' dir='ltr'><strong>ci.</strong></span> <span class='ocrx_word' id='word_1_264' title='bbox 521 3765 597 3816; x_wconf 86' lang='lat' dir='ltr'><strong>Dion.</strong></span> <span class='ocrx_word' id='word_1_265' title='bbox 609 3766 641 3816; x_wconf 94' lang='lat' dir='ltr'><strong><em>de</em></strong></span> <span class='ocrx_word' id='word_1_266' title='bbox 653 3766 719 3818; x_wconf 88' lang='lat' dir='ltr'><strong>imit.</strong></span> <span class='ocrx_word' id='word_1_267' title='bbox 735 3782 763 3830; x_wconf 86' lang='lat' dir='ltr'><strong><em>p.</em></strong></span> <span class='ocrx_word' id='word_1_268' title='bbox 775 3767 816 3827; x_wconf 86' lang='grc'><strong><em>21,</em></strong></span> <span class='ocrx_word' id='word_1_269' title='bbox 826 3767 859 3816; x_wconf 78' lang='lat'><strong><em>22</em></strong></span> <span class='ocrx_word' id='word_1_270' title='bbox 877 3766 922 3816; x_wconf 79' lang='lat' dir='ltr'><strong><em>Ua.</em></strong></span> <span class='ocrx_word' id='word_1_271' title='bbox 941 3767 957 3815; x_wconf 85' lang='grc' dir='ltr'><em>ὁ</em></span> <span class='ocrx_word' id='word_1_272' title='bbox 976 3759 1006 3814; x_wconf 73' lang='grc' dir='ltr'><strong><em>δὲ</em></strong></span> <span class='ocrx_word' id='word_1_273' title='bbox 1023 3759 1175 3831; x_wconf 68' lang='grc' dir='ltr'><strong><em>Εὐριπίδης</em></strong></span> <span class='ocrx_word' id='word_1_274' title='bbox 1192 3759 1275 3815; x_wconf 71' lang='grc' dir='ltr'><strong><em>πολύς</em></strong></span> <span class='ocrx_word' id='word_1_275' title='bbox 1293 3768 1323 3815; x_wconf 79' lang='grc' dir='ltr'><strong><em>ἰν</em></strong></span> <span class='ocrx_word' id='word_1_276' title='bbox 1342 3775 1401 3815; x_wconf 76' lang='grc' dir='ltr'><strong><em>ταῖς</em></strong></span> 
     </span>
     <span class='ocr_line' id='line_1_30' title="bbox 146 3849 1400 3920; baseline -0.002 -19"><span class='ocrx_word' id='word_1_277' title='bbox 146 3853 302 3919; x_wconf 69' lang='grc' dir='ltr'><strong><em>ῥητορικοῖς</em></strong></span> <span class='ocrx_word' id='word_1_278' title='bbox 318 3853 480 3920; x_wconf 73' lang='grc' dir='ltr'><strong><em>εἰσαγωγαῖς</em></strong></span> <span class='ocrx_word' id='word_1_279' title='bbox 552 3849 815 3912; x_wconf 66' lang='lat' dir='ltr'><strong>trasmundum,</strong></span> <span class='ocrx_word' id='word_1_280' title='bbox 839 3864 873 3901; x_wconf 88' lang='lat' dir='ltr'><strong><em>sc.</em></strong></span> <span class='ocrx_word' id='word_1_281' title='bbox 892 3850 920 3899; x_wconf 92' lang='lat' dir='ltr'><strong>in</strong></span> <span class='ocrx_word' id='word_1_282' title='bbox 937 3850 1025 3900; x_wconf 86' lang='lat' dir='ltr'><strong>Demis</strong></span> <span class='ocrx_word' id='word_1_283' title='bbox 1042 3849 1131 3899; x_wconf 77' lang='lat' dir='ltr'><strong>tabula</strong></span> <span class='ocrx_word' id='word_1_284' title='bbox 1205 3852 1238 3902; x_wconf 88' lang='grc'><strong><em>86</em></strong></span> <span class='ocrx_word' id='word_1_285' title='bbox 1248 3865 1286 3912; x_wconf 90' lang='lat' dir='ltr'><strong><em>sq.</em></strong></span> <span class='ocrx_word' id='word_1_286' title='bbox 1311 3851 1400 3915; x_wconf 81' lang='grc' dir='ltr'><strong><em>σκῶμ-</em></strong></span> 
     </span>
     <span class='ocr_line' id='line_1_31' title="bbox 145 3929 1235 4004; baseline -0.002 -18"><span class='ocrx_word' id='word_1_287' title='bbox 145 3953 223 4002; x_wconf 83' lang='grc' dir='ltr'><strong><em>ματα</em></strong></span> <span class='ocrx_word' id='word_1_288' title='bbox 240 3930 339 3988; x_wconf 81' lang='grc' dir='ltr'><strong><em>λοιπόν</em></strong></span> <span class='ocrx_word' id='word_1_289' title='bbox 356 3937 390 3998; x_wconf 85' lang='grc' dir='ltr'><strong><em>Ε,</em></strong></span> <span class='ocrx_word' id='word_1_290' title='bbox 419 3938 562 4001; x_wconf 74' lang='grc' dir='ltr'><strong><em>σκέμματος</em></strong></span> <span class='ocrx_word' id='word_1_291' title='bbox 578 3931 639 3986; x_wconf 81' lang='grc' dir='ltr'><strong><em>λίαν</em></strong></span> <span class='ocrx_word' id='word_1_292' title='bbox 656 3936 756 3986; x_wconf 83' lang='lat' dir='ltr'><strong>FGAld</strong></span> <span class='ocrx_word' id='word_1_293' title='bbox 841 3938 873 3986; x_wconf 88' lang='grc'><strong><em>91</em></strong></span> <span class='ocrx_word' id='word_1_294' title='bbox 892 3936 953 3985; x_wconf 79' lang='lat' dir='ltr'><strong>tort.</strong></span> <span class='ocrx_word' id='word_1_295' title='bbox 970 3931 1057 4004; x_wconf 72' lang='grc' dir='ltr'><strong><em>(τοῦ)</em></strong></span> <span class='ocrx_word' id='word_1_296' title='bbox 1074 3929 1235 3985; x_wconf 69' lang='grc' dir='ltr'><strong><em>Εὐπόλιδος.</em></strong></span> 
     </span>
    </p>
   </div>
   <div class='ocr_carea' id='block_1_8' title="bbox 84 4054 1400 4547">
    <p class='ocr_par' dir='ltr' id='par_1_8' title="bbox 84 4054 1400 4547">
     <span class='ocr_line' id='line_1_32' title="bbox 230 4054 1400 4118; baseline -0.001 -15"><span class='ocrx_word' id='word_1_297' title='bbox 230 4054 265 4104; x_wconf 89' lang='grc' dir='ltr'><strong><em>Π.</em></strong></span> <span class='ocrx_word' id='word_1_298' title='bbox 283 4054 526 4105; x_wconf 74' lang='lat' dir='ltr'><strong>commentariolum</strong></span> <span class='ocrx_word' id='word_1_299' title='bbox 543 4055 592 4104; x_wconf 89' lang='lat' dir='ltr'><strong><em>hoc</em></strong></span> <span class='ocrx_word' id='word_1_300' title='bbox 609 4054 680 4104; x_wconf 89' lang='lat' dir='ltr'><strong>haud</strong></span> <span class='ocrx_word' id='word_1_301' title='bbox 697 4055 776 4105; x_wconf 87' lang='lat' dir='ltr'><strong>dubie</strong></span> <span class='ocrx_word' id='word_1_302' title='bbox 794 4070 827 4104; x_wconf 82' lang='lat' dir='ltr'><strong><em>ex</em></strong></span> <span class='ocrx_word' id='word_1_303' title='bbox 844 4054 986 4104; x_wconf 80' lang='lat' dir='ltr'><strong>litterariae</strong></span> <span class='ocrx_word' id='word_1_304' title='bbox 1003 4055 1125 4105; x_wconf 73' lang='lat' dir='ltr'><strong>historiae</strong></span> <span class='ocrx_word' id='word_1_305' title='bbox 1142 4055 1293 4118; x_wconf 87' lang='lat' dir='ltr'><strong>compendio</strong></span> <span class='ocrx_word' id='word_1_306' title='bbox 1305 4054 1400 4116; x_wconf 86' lang='lat' dir='ltr'><strong>aliquo,</strong></span> 
     </span>
     <span class='ocr_line' id='line_1_33' title="bbox 146 4139 1399 4204; baseline -0.001 -15"><span class='ocrx_word' id='word_1_307' title='bbox 146 4140 201 4190; x_wconf 87' lang='lat' dir='ltr'><strong>sive</strong></span> <span class='ocrx_word' id='word_1_308' title='bbox 213 4139 300 4189; x_wconf 87' lang='lat' dir='ltr'><strong>Procli</strong></span> <span class='ocrx_word' id='word_1_309' title='bbox 311 4139 339 4189; x_wconf 91' lang='lat' dir='ltr'><strong>id</strong></span> <span class='ocrx_word' id='word_1_310' title='bbox 350 4139 402 4188; x_wconf 81' lang='lat' dir='ltr'><strong>ruit</strong></span> <span class='ocrx_word' id='word_1_311' title='bbox 413 4139 468 4190; x_wconf 85' lang='lat' dir='ltr'><strong>sive</strong></span> <span class='ocrx_word' id='word_1_312' title='bbox 480 4139 563 4190; x_wconf 90' lang='lat' dir='ltr'><strong>simile</strong></span> <span class='ocrx_word' id='word_1_313' title='bbox 575 4139 649 4188; x_wconf 85' lang='lat' dir='ltr'><strong>aliud</strong></span> <span class='ocrx_word' id='word_1_314' title='bbox 655 4176 662 4201; x_wconf 91' lang='lat'><em>,</em></span> <span class='ocrx_word' id='word_1_315' title='bbox 681 4145 833 4204; x_wconf 84' lang='lat' dir='ltr'><strong>excerptum</strong></span> <span class='ocrx_word' id='word_1_316' title='bbox 844 4141 959 4190; x_wconf 84' lang='lat' dir='ltr'><strong>servavit</strong></span> <span class='ocrx_word' id='word_1_317' title='bbox 970 4145 1072 4204; x_wconf 81' lang='lat' dir='ltr'><strong>praeter</strong></span> <span class='ocrx_word' id='word_1_318' title='bbox 1083 4141 1206 4190; x_wconf 81' lang='lat' dir='ltr'><strong>Aidinam</strong></span> <span class='ocrx_word' id='word_1_319' title='bbox 1217 4139 1399 4203; x_wconf 71' lang='lat' dir='ltr'><strong>Aristophanis</strong></span> 
     </span>
     <span class='ocr_line' id='line_1_34' title="bbox 145 4223 1398 4290; baseline -0.002 -15"><span class='ocrx_word' id='word_1_320' title='bbox 145 4225 284 4289; x_wconf 80' lang='lat' dir='ltr'><strong>editionem</strong></span> <span class='ocrx_word' id='word_1_321' title='bbox 306 4225 375 4274; x_wconf 87' lang='lat' dir='ltr'><strong>solus</strong></span> <span class='ocrx_word' id='word_1_322' title='bbox 392 4223 474 4274; x_wconf 86' lang='lat' dir='ltr'><strong>codex</strong></span> <span class='ocrx_word' id='word_1_323' title='bbox 491 4223 606 4273; x_wconf 83' lang='lat' dir='ltr'><strong>Estensis</strong></span> <span class='ocrx_word' id='word_1_324' title='bbox 619 4224 671 4287; x_wconf 89' lang='grc' dir='ltr'>(Ε).</span> <span class='ocrx_word' id='word_1_325' title='bbox 706 4224 849 4290; x_wconf 87' lang='lat' dir='ltr'><strong>comparari</strong></span> <span class='ocrx_word' id='word_1_326' title='bbox 866 4230 973 4288; x_wconf 82' lang='lat' dir='ltr'><strong>possunt</strong></span> <span class='ocrx_word' id='word_1_327' title='bbox 997 4226 1154 4290; x_wconf 88' lang='lat' dir='ltr'><strong>scriptorum</strong></span> <span class='ocrx_word' id='word_1_328' title='bbox 1170 4223 1291 4276; x_wconf 78' lang='lat' dir='ltr'><strong>laterculi</strong></span> <span class='ocrx_word' id='word_1_329' title='bbox 1308 4223 1398 4274; x_wconf 82' lang='lat' dir='ltr'><strong>Ooisli-</strong></span> 
     </span>
     <span class='ocr_line' id='line_1_35' title="bbox 145 4308 1399 4373; baseline -0.001 -15"><span class='ocrx_word' id='word_1_330' title='bbox 145 4311 239 4360; x_wconf 84' lang='lat' dir='ltr'><strong>nianus</strong></span> <span class='ocrx_word' id='word_1_331' title='bbox 255 4314 282 4360; x_wconf 87' lang='lat' dir='ltr'><strong><em>et</em></strong></span> <span class='ocrx_word' id='word_1_332' title='bbox 300 4308 463 4370; x_wconf 84' lang='lat' dir='ltr'><strong>Bodleianus,</strong></span> <span class='ocrx_word' id='word_1_333' title='bbox 487 4323 551 4371; x_wconf 88' lang='lat' dir='ltr'><strong>quos</strong></span> <span class='ocrx_word' id='word_1_334' title='bbox 568 4308 627 4358; x_wconf 86' lang='lat' dir='ltr'><strong>aliis</strong></span> <span class='ocrx_word' id='word_1_335' title='bbox 644 4311 790 4360; x_wconf 75' lang='lat' dir='ltr'><strong>accuratius</strong></span> <span class='ocrx_word' id='word_1_336' title='bbox 805 4323 890 4373; x_wconf 84' lang='lat' dir='ltr'><strong>nuper</strong></span> <span class='ocrx_word' id='word_1_337' title='bbox 906 4309 988 4360; x_wconf 81' lang='lat' dir='ltr'><strong>edidit</strong></span> <span class='ocrx_word' id='word_1_338' title='bbox 1005 4310 1176 4361; x_wconf 87' lang='lat' dir='ltr'><strong>OKroehnert</strong></span> <span class='ocrx_word' id='word_1_339' title='bbox 1192 4311 1220 4358; x_wconf 91' lang='lat' dir='ltr'><strong>in</strong></span> <span class='ocrx_word' id='word_1_340' title='bbox 1237 4309 1338 4359; x_wconf 78' lang='lat' dir='ltr'><strong>dissert.</strong></span> <span class='ocrx_word' id='word_1_341' title='bbox 1356 4310 1399 4358; x_wconf 90' lang='lat' dir='ltr'><strong>cui</strong></span> 
     </span>
     <span class='ocr_line' id='line_1_36' title="bbox 84 4389 1398 4460; baseline -0.002 -16"><span class='ocrx_word' id='word_1_342' title='bbox 84 4452 87 4458; x_wconf 46' lang='grc'><strong>,</strong></span> <span class='ocrx_word' id='word_1_343' title='bbox 144 4394 297 4460; x_wconf 86' lang='lat' dir='ltr'><strong>inscriptum</strong></span> <span class='ocrx_word' id='word_1_344' title='bbox 314 4399 353 4445; x_wconf 87' lang='lat' dir='ltr'><strong><em>est</em></strong></span> <span class='ocrx_word' id='word_1_345' title='bbox 373 4389 530 4443; x_wconf 83' lang='lat' dir='ltr'><strong>‘Canonesne</strong></span> <span class='ocrx_word' id='word_1_346' title='bbox 547 4398 682 4458; x_wconf 89' lang='lat' dir='ltr'><strong>poetarum</strong></span> <span class='ocrx_word' id='word_1_347' title='bbox 700 4396 855 4459; x_wconf 84' lang='lat' dir='ltr'><strong>scriptorum</strong></span> <span class='ocrx_word' id='word_1_348' title='bbox 873 4394 999 4443; x_wconf 88' lang='lat' dir='ltr'><strong>artificum</strong></span> <span class='ocrx_word' id='word_1_349' title='bbox 1017 4410 1065 4458; x_wconf 92' lang='lat' dir='ltr'><strong>per</strong></span> <span class='ocrx_word' id='word_1_350' title='bbox 1082 4394 1262 4458; x_wconf 82' lang='lat' dir='ltr'><strong>antiquitatem</strong></span> <span class='ocrx_word' id='word_1_351' title='bbox 1278 4395 1398 4443; x_wconf 82' lang='lat' dir='ltr'><strong>inerunt&#39;</strong></span> 
     </span>
     <span class='ocr_line' id='line_1_37' title="bbox 146 4478 965 4547; baseline -0.004 -17"><span class='ocrx_word' id='word_1_352' title='bbox 146 4479 245 4544; x_wconf 76' lang='lat' dir='ltr'><strong>Regim.</strong></span> <span class='ocrx_word' id='word_1_353' title='bbox 264 4482 330 4533; x_wconf 80' lang='lat'>1897</span> <span class='ocrx_word' id='word_1_354' title='bbox 349 4495 375 4544; x_wconf 86' lang='lat' dir='ltr'><strong><em>p.</em></strong></span> <span class='ocrx_word' id='word_1_355' title='bbox 388 4481 470 4542; x_wconf 78' lang='lat' dir='ltr'><strong>dsqq.</strong></span> <span class='ocrx_word' id='word_1_356' title='bbox 672 4482 688 4531; x_wconf 78' lang='lat'>2</span> <span class='ocrx_word' id='word_1_357' title='bbox 707 4483 769 4547; x_wconf 74' lang='lat' dir='ltr'><strong>napi</strong></span> <span class='ocrx_word' id='word_1_358' title='bbox 786 4478 892 4542; x_wconf 91' lang='lat' dir='ltr'><strong>scripsi:</strong></span> <span class='ocrx_word' id='word_1_359' title='bbox 919 4480 965 4528; x_wconf 83' lang='grc' dir='ltr'><strong><em>ἰπῖ</em></strong></span> 
     </span>
    </p>
   </div>
   <div class='ocr_carea' id='block_1_9' title="bbox 0 0 1586 4800">
    <p class='ocr_par' dir='ltr' id='par_1_9' title="bbox 0 0 1586 4800">
     <span class='ocr_line' id='line_1_38' title="bbox 0 0 1586 4800; baseline 0 0"><span class='ocrx_word' id='word_1_360' title='bbox 0 0 1586 4800; x_wconf 95' lang='lat' dir='ltr'><strong><em> </em></strong></span> 
     </span>
    </p>
   </div>
  </div>
 </body>
</html>
