<?xml version="1.0" encoding="UTF-8"?>
<!DOCTYPE html PUBLIC "-//W3C//DTD XHTML 1.0 Transitional//EN"
    "http://www.w3.org/TR/xhtml1/DTD/xhtml1-transitional.dtd">
<html xmlns="http://www.w3.org/1999/xhtml" xml:lang="en" lang="en">
 <head>
  <title>
</title>
<meta http-equiv="Content-Type" content="text/html;charset=utf-8" />
  <meta name='ocr-system' content='tesseract 3.04.00' />
  <meta name='ocr-capabilities' content='ocr_page ocr_carea ocr_par ocr_line ocrx_word'/>
</head>
<body>
  <div class='ocr_page' id='page_1' title='image "./comicorvmgraeco01kaibgoog_0127.png"; bbox 0 0 3164 4800; ppageno 0'>
   <div class='ocr_carea' id='block_1_1' title="bbox 668 303 1025 362">
    <p class='ocr_par' dir='ltr' id='par_1_1' title="bbox 668 303 1025 362">
     <span class='ocr_line' id='line_1_1' title="bbox 668 303 1025 362; baseline -0.003 -2"><span class='ocrx_word' id='word_1_1' title='bbox 668 303 863 362; x_wconf 82' lang='lat' dir='ltr'>OOMOEDIA</span> <span class='ocrx_word' id='word_1_2' title='bbox 879 304 1025 362; x_wconf 82' lang='lat' dir='ltr'>DORIGA</span> 
     </span>
    </p>
   </div>
   <div class='ocr_carea' id='block_1_2' title="bbox 815 482 877 542">
    <p class='ocr_par' dir='ltr' id='par_1_2' title="bbox 815 482 877 542">
     <span class='ocr_line' id='line_1_2' title="bbox 815 482 877 542; baseline 0.016 -1"><span class='ocrx_word' id='word_1_3' title='bbox 815 482 877 542; x_wconf 85' lang='lat'><strong><em>104</em></strong></span> 
     </span>
    </p>
   </div>
   <div class='ocr_carea' id='block_1_3' title="bbox 219 602 1478 853">
    <p class='ocr_par' dir='ltr' id='par_1_3' title="bbox 219 602 1478 853">
     <span class='ocr_line' id='line_1_3' title="bbox 304 602 1478 687; baseline 0.004 -24"><span class='ocrx_word' id='word_1_4' title='bbox 304 609 374 664; x_wconf 88' lang='lat' dir='ltr'><strong>Poll.</strong></span> <span class='ocrx_word' id='word_1_5' title='bbox 392 609 434 664; x_wconf 84' lang='lat' dir='ltr'><strong><em>IX</em></strong></span> <span class='ocrx_word' id='word_1_6' title='bbox 451 613 494 663; x_wconf 87' lang='grc'><strong><em>41.</em></strong></span> <span class='ocrx_word' id='word_1_7' title='bbox 511 614 544 664; x_wconf 87' lang='grc'><strong><em>42</em></strong></span> <span class='ocrx_word' id='word_1_8' title='bbox 572 606 696 669; x_wconf 75' lang='grc' dir='ltr'><strong><em>ἐκάλουν</em></strong></span> <span class='ocrx_word' id='word_1_9' title='bbox 718 609 748 668; x_wconf 75' lang='grc' dir='ltr'><strong><em>δὲ</em></strong></span> <span class='ocrx_word' id='word_1_10' title='bbox 770 605 814 687; x_wconf 74' lang='lat' dir='ltr'><strong><em>th</em></strong></span> <span class='ocrx_word' id='word_1_11' title='bbox 830 614 1028 669; x_wconf 79' lang='grc' dir='ltr'><strong><em>διδασκαλεῖον</em></strong></span> <span class='ocrx_word' id='word_1_12' title='bbox 1049 612 1098 667; x_wconf 78' lang='grc' dir='ltr'><strong><em>καὶ</em></strong></span> <span class='ocrx_word' id='word_1_13' title='bbox 1114 604 1216 681; x_wconf 89' lang='grc' dir='ltr'><strong><em>χορόν,</em></strong></span> <span class='ocrx_word' id='word_1_14' title='bbox 1243 602 1335 668; x_wconf 78' lang='grc' dir='ltr'><strong><em>ὁπότε</em></strong></span> <span class='ocrx_word' id='word_1_15' title='bbox 1358 613 1408 667; x_wconf 80' lang='grc' dir='ltr'><strong><em>καὶ</em></strong></span> <span class='ocrx_word' id='word_1_16' title='bbox 1425 631 1478 668; x_wconf 94' lang='grc' dir='ltr'><strong><em>τον</em></strong></span> 
     </span>
     <span class='ocr_line' id='line_1_4' title="bbox 220 689 1478 769; baseline 0 -18"><span class='ocrx_word' id='word_1_17' title='bbox 220 690 392 752; x_wconf 89' lang='grc' dir='ltr'><strong><em>διδάσκαλον</em></strong></span> <span class='ocrx_word' id='word_1_18' title='bbox 407 691 539 769; x_wconf 84' lang='grc' dir='ltr'><strong><em>χορηγὸν</em></strong></span> <span class='ocrx_word' id='word_1_19' title='bbox 555 698 604 753; x_wconf 80' lang='grc' dir='ltr'><strong><em>καὶ</em></strong></span> <span class='ocrx_word' id='word_1_20' title='bbox 622 692 657 753; x_wconf 88' lang='grc' dir='ltr'><strong><em>τὸ</em></strong></span> <span class='ocrx_word' id='word_1_21' title='bbox 676 691 818 755; x_wconf 75' lang='grc' dir='ltr'><em>διδάσκειν</em></span> <span class='ocrx_word' id='word_1_22' title='bbox 833 704 978 768; x_wconf 76' lang='grc' dir='ltr'><em>χορηγεῖν,</em></span> <span class='ocrx_word' id='word_1_23' title='bbox 995 698 1044 753; x_wconf 80' lang='grc' dir='ltr'><strong><em>καὶ</em></strong></span> <span class='ocrx_word' id='word_1_24' title='bbox 1055 691 1180 764; x_wconf 83' lang='grc' dir='ltr'><strong><em>μάλιστα</em></strong></span> <span class='ocrx_word' id='word_1_25' title='bbox 1199 692 1227 752; x_wconf 79' lang='grc' dir='ltr'><strong><em>οῖ</em></strong></span> <span class='ocrx_word' id='word_1_26' title='bbox 1239 698 1368 764; x_wconf 86' lang='grc' dir='ltr'><strong><em>Δωριεῖς,</em></strong></span> <span class='ocrx_word' id='word_1_27' title='bbox 1386 689 1426 762; x_wconf 79' lang='grc' dir='ltr'><strong><em>ὡς</em></strong></span> <span class='ocrx_word' id='word_1_28' title='bbox 1438 689 1478 752; x_wconf 87' lang='lat' dir='ltr'><strong><em>’E.</em></strong></span> 
     </span>
     <span class='ocr_line' id='line_1_5' title="bbox 219 773 1400 853; baseline 0.002 -16"><span class='ocrx_word' id='word_1_29' title='bbox 219 778 251 837; x_wconf 81' lang='grc' dir='ltr'><strong><em>ἐν</em></strong></span> <span class='ocrx_word' id='word_1_30' title='bbox 269 773 391 838; x_wconf 81' lang='grc' dir='ltr'><strong><em>Ὀδυσσεῖ</em></strong></span> <span class='ocrx_word' id='word_1_31' title='bbox 407 775 587 851; x_wconf 84' lang='grc' dir='ltr'><strong><em>Αὖτομόλωι.</em></strong></span> <span class='ocrx_word' id='word_1_32' title='bbox 622 796 674 850; x_wconf 89' lang='lat' dir='ltr'><strong><em>pro</em></strong></span> <span class='ocrx_word' id='word_1_33' title='bbox 690 776 785 852; x_wconf 87' lang='grc' dir='ltr'><strong><em>χορόν</em></strong></span> <span class='ocrx_word' id='word_1_34' title='bbox 802 780 976 853; x_wconf 79' lang='lat' dir='ltr'><strong>scribendum</strong></span> <span class='ocrx_word' id='word_1_35' title='bbox 991 788 1196 853; x_wconf 79' lang='grc' dir='ltr'><em>χορηγεῖον,</em></span> <span class='ocrx_word' id='word_1_36' title='bbox 1213 796 1241 834; x_wconf 87' lang='lat' dir='ltr'><strong><em>v.</em></strong></span> <span class='ocrx_word' id='word_1_37' title='bbox 1259 779 1296 835; x_wconf 80' lang='lat' dir='ltr'><strong><em>ad</em></strong></span> <span class='ocrx_word' id='word_1_38' title='bbox 1312 778 1400 839; x_wconf 56' lang='grc'><strong>11113.</strong></span> 
     </span>
    </p>
   </div>
   <div class='ocr_carea' id='block_1_4' title="bbox 516 987 1194 1069">
    <p class='ocr_par' dir='ltr' id='par_1_4' title="bbox 516 987 1194 1069">
     <span class='ocr_line' id='line_1_6' title="bbox 516 987 1194 1069; baseline -0.006 -16"><span class='ocrx_word' id='word_1_39' title='bbox 516 988 738 1053; x_wconf 72' lang='grc' dir='ltr'><strong><em>οΔσΣΣυνΣ</em></strong></span> <span class='ocrx_word' id='word_1_40' title='bbox 757 994 959 1053; x_wconf 62' lang='lat' dir='ltr'><strong><em>sereres</em></strong></span> <span class='ocrx_word' id='word_1_41' title='bbox 979 989 1020 1069; x_wconf 83' lang='lat' dir='ltr'><strong><em>(p.</em></strong></span> <span class='ocrx_word' id='word_1_42' title='bbox 1036 990 1098 1051; x_wconf 81' lang='grc'><strong><em>248</em></strong></span> <span class='ocrx_word' id='word_1_43' title='bbox 1119 987 1194 1068; x_wconf 79' lang='lat' dir='ltr'>Lor)</span> 
     </span>
    </p>
   </div>
   <div class='ocr_carea' id='block_1_5' title="bbox 819 1125 879 1186">
    <p class='ocr_par' dir='ltr' id='par_1_5' title="bbox 819 1125 879 1186">
     <span class='ocr_line' id='line_1_7' title="bbox 819 1125 879 1186; baseline 0.033 -2"><span class='ocrx_word' id='word_1_44' title='bbox 819 1125 879 1186; x_wconf 86' lang='lat'><strong><em>105</em></strong></span> 
     </span>
    </p>
   </div>
   <div class='ocr_carea' id='block_1_6' title="bbox 223 1245 1480 1498">
    <p class='ocr_par' dir='ltr' id='par_1_6' title="bbox 223 1245 1480 1498">
     <span class='ocr_line' id='line_1_8' title="bbox 309 1245 1480 1332; baseline 0.001 -20"><span class='ocrx_word' id='word_1_45' title='bbox 309 1257 414 1312; x_wconf 85' lang='lat' dir='ltr'>Athen.</span> <span class='ocrx_word' id='word_1_46' title='bbox 427 1255 495 1311; x_wconf 81' lang='lat' dir='ltr'><strong><em>XIV</em></strong></span> <span class='ocrx_word' id='word_1_47' title='bbox 507 1255 608 1311; x_wconf 81' lang='lat' dir='ltr'><strong>619eb</strong></span> <span class='ocrx_word' id='word_1_48' title='bbox 627 1257 762 1332; x_wconf 84' lang='grc' dir='ltr'><strong><em>Δίομος</em></strong></span> <span class='ocrx_word' id='word_1_49' title='bbox 779 1251 806 1312; x_wconf 86' lang='grc' dir='ltr'><strong><em>δ’</em></strong></span> <span class='ocrx_word' id='word_1_50' title='bbox 825 1245 860 1327; x_wconf 79' lang='grc' dir='ltr'><strong><em>ἦν</em></strong></span> <span class='ocrx_word' id='word_1_51' title='bbox 875 1252 1022 1327; x_wconf 84' lang='grc' dir='ltr'><em>βουκόλος</em></span> <span class='ocrx_word' id='word_1_52' title='bbox 1033 1252 1206 1330; x_wconf 80' lang='grc' dir='ltr'><strong><em>Σικελιώτης</em></strong></span> <span class='ocrx_word' id='word_1_53' title='bbox 1225 1254 1241 1314; x_wconf 81' lang='grc' dir='ltr'><strong>ὁ</strong></span> <span class='ocrx_word' id='word_1_54' title='bbox 1257 1259 1376 1328; x_wconf 79' lang='grc' dir='ltr'><strong><em>πρῶτος</em></strong></span> <span class='ocrx_word' id='word_1_55' title='bbox 1387 1250 1480 1329; x_wconf 74' lang='grc' dir='ltr'><strong><em>εὑρὼν</em></strong></span> 
     </span>
     <span class='ocr_line' id='line_1_9' title="bbox 225 1334 1479 1414; baseline -0.004 -14"><span class='ocrx_word' id='word_1_56' title='bbox 225 1337 259 1400; x_wconf 85' lang='grc' dir='ltr'><strong><em>τὸ</em></strong></span> <span class='ocrx_word' id='word_1_57' title='bbox 279 1338 354 1408; x_wconf 79' lang='grc' dir='ltr'><strong><em>εἶδος</em></strong></span> <span class='ocrx_word' id='word_1_58' title='bbox 373 1342 434 1407; x_wconf 80' lang='lat' dir='ltr'><strong>(ie.</strong></span> <span class='ocrx_word' id='word_1_59' title='bbox 452 1336 505 1398; x_wconf 91' lang='grc' dir='ltr'><strong><em>τὸν</em></strong></span> <span class='ocrx_word' id='word_1_60' title='bbox 522 1337 758 1414; x_wconf 74' lang='grc' dir='ltr'><strong><em>βουκολιασμόν).ι</em></strong></span> <span class='ocrx_word' id='word_1_61' title='bbox 791 1337 962 1413; x_wconf 78' lang='grc' dir='ltr'><em>μνημονεύει</em></span> <span class='ocrx_word' id='word_1_62' title='bbox 980 1338 1006 1398; x_wconf 78' lang='grc' dir='ltr'><strong><em>δ’</em></strong></span> <span class='ocrx_word' id='word_1_63' title='bbox 1027 1334 1116 1399; x_wconf 77' lang='grc' dir='ltr'><strong><em>αὐτοῦ</em></strong></span> <span class='ocrx_word' id='word_1_64' title='bbox 1138 1334 1175 1399; x_wconf 79' lang='grc' dir='ltr'><strong><em>Ἑ.</em></strong></span> <span class='ocrx_word' id='word_1_65' title='bbox 1193 1339 1225 1398; x_wconf 80' lang='grc' dir='ltr'><strong><em>ἐν</em></strong></span> <span class='ocrx_word' id='word_1_66' title='bbox 1238 1334 1383 1400; x_wconf 77' lang='grc' dir='ltr'><strong><em>Ἃλκυονεῖ</em></strong></span> <span class='ocrx_word' id='word_1_67' title='bbox 1400 1341 1441 1406; x_wconf 86' lang='lat' dir='ltr'><strong>(fr.</strong></span> <span class='ocrx_word' id='word_1_68' title='bbox 1453 1345 1479 1408; x_wconf 86' lang='grc'><strong><em>4)</em></strong></span> 
     </span>
     <span class='ocr_line' id='line_1_10' title="bbox 223 1420 623 1498; baseline -0.008 -13"><span class='ocrx_word' id='word_1_69' title='bbox 223 1431 272 1485; x_wconf 81' lang='grc' dir='ltr'><strong><em>καὶ</em></strong></span> <span class='ocrx_word' id='word_1_70' title='bbox 290 1427 321 1484; x_wconf 79' lang='grc' dir='ltr'><strong><em>ἐν</em></strong></span> <span class='ocrx_word' id='word_1_71' title='bbox 337 1420 460 1485; x_wconf 82' lang='grc' dir='ltr'><strong><em>Ὀδυσσεῖ</em></strong></span> <span class='ocrx_word' id='word_1_72' title='bbox 477 1430 623 1498; x_wconf 82' lang='grc' dir='ltr'><strong><em>Ναυαχῶι.</em></strong></span> 
     </span>
    </p>
   </div>
   <div class='ocr_carea' id='block_1_7' title="bbox 819 1603 881 1664">
    <p class='ocr_par' dir='ltr' id='par_1_7' title="bbox 819 1603 881 1664">
     <span class='ocr_line' id='line_1_11' title="bbox 819 1603 881 1664; baseline 0.032 -2"><span class='ocrx_word' id='word_1_73' title='bbox 819 1603 881 1664; x_wconf 88' lang='grc'><strong>106</strong></span> 
     </span>
    </p>
   </div>
   <div class='ocr_carea' id='block_1_8' title="bbox 225 1724 1482 2058">
    <p class='ocr_par' dir='ltr' id='par_1_8' title="bbox 225 1724 1482 1974">
     <span class='ocr_line' id='line_1_12' title="bbox 309 1724 1481 1806; baseline 0.004 -20"><span class='ocrx_word' id='word_1_74' title='bbox 309 1732 379 1788; x_wconf 89' lang='lat' dir='ltr'><strong>Poll.</strong></span> <span class='ocrx_word' id='word_1_75' title='bbox 397 1732 425 1786; x_wconf 89' lang='lat' dir='ltr'>X</span> <span class='ocrx_word' id='word_1_76' title='bbox 445 1736 493 1786; x_wconf 84' lang='lat'><strong><em>134</em></strong></span> <span class='ocrx_word' id='word_1_77' title='bbox 518 1724 625 1805; x_wconf 76' lang='grc' dir='ltr'><strong><em>σ’ρδλαξ</em></strong></span> <span class='ocrx_word' id='word_1_78' title='bbox 646 1731 676 1790; x_wconf 74' lang='grc' dir='ltr'><strong><em>δὲ</em></strong></span> <span class='ocrx_word' id='word_1_79' title='bbox 699 1726 734 1789; x_wconf 84' lang='grc' dir='ltr'><strong><em>τὸ</em></strong></span> <span class='ocrx_word' id='word_1_80' title='bbox 752 1728 832 1790; x_wconf 78' lang='grc' dir='ltr'><strong><em>κάτα)</em></strong></span> <span class='ocrx_word' id='word_1_81' title='bbox 853 1736 907 1791; x_wconf 84' lang='grc' dir='ltr'><strong><em>τοῦ</em></strong></span> <span class='ocrx_word' id='word_1_82' title='bbox 924 1731 1005 1791; x_wconf 73' lang='grc' dir='ltr'><strong><em>ἱστοῦ</em></strong></span> <span class='ocrx_word' id='word_1_83' title='bbox 1021 1737 1165 1798; x_wconf 88' lang='grc' dir='ltr'><strong><em>καλεῖται,</em></strong></span> <span class='ocrx_word' id='word_1_84' title='bbox 1188 1726 1227 1799; x_wconf 79' lang='grc' dir='ltr'><strong><em>ὡς</em></strong></span> <span class='ocrx_word' id='word_1_85' title='bbox 1244 1727 1279 1790; x_wconf 84' lang='grc' dir='ltr'><strong><em>τὸ</em></strong></span> <span class='ocrx_word' id='word_1_86' title='bbox 1298 1729 1359 1791; x_wconf 86' lang='grc' dir='ltr'><strong><em>άνω</em></strong></span> <span class='ocrx_word' id='word_1_87' title='bbox 1377 1728 1481 1806; x_wconf 85' lang='grc' dir='ltr'><strong><em>καρχή-</em></strong></span> 
     </span>
     <span class='ocr_line' id='line_1_13' title="bbox 226 1810 1482 1891; baseline -0.001 -17"><span class='ocrx_word' id='word_1_88' title='bbox 226 1837 299 1875; x_wconf 89' lang='grc' dir='ltr'><strong><em>σιον.</em></strong></span> <span class='ocrx_word' id='word_1_89' title='bbox 334 1820 383 1874; x_wconf 81' lang='grc' dir='ltr'><strong><em>καὶ</em></strong></span> <span class='ocrx_word' id='word_1_90' title='bbox 404 1811 464 1874; x_wconf 70' lang='grc' dir='ltr'><strong><em>ἔστι</em></strong></span> <span class='ocrx_word' id='word_1_91' title='bbox 488 1810 522 1873; x_wconf 89' lang='grc' dir='ltr'><strong><em>τὸ</em></strong></span> <span class='ocrx_word' id='word_1_92' title='bbox 549 1810 567 1873; x_wconf 90' lang='lat' dir='ltr'><strong><em>o&#39;</em></strong></span> <span class='ocrx_word' id='word_1_93' title='bbox 574 1818 633 1886; x_wconf 84' lang='grc' dir='ltr'><strong>ρ31</strong></span> <span class='ocrx_word' id='word_1_94' title='bbox 640 1821 682 1884; x_wconf 86' lang='grc' dir='ltr'><strong><em>αξ</em></strong></span> <span class='ocrx_word' id='word_1_95' title='bbox 701 1815 733 1873; x_wconf 80' lang='grc' dir='ltr'><strong><em>ἐν</em></strong></span> <span class='ocrx_word' id='word_1_96' title='bbox 754 1810 932 1891; x_wconf 81' lang='grc' dir='ltr'><strong><em>Ἐπιχάρμου</em></strong></span> <span class='ocrx_word' id='word_1_97' title='bbox 952 1811 1075 1876; x_wconf 81' lang='grc' dir='ltr'><strong><em>Ὀδυσσεῖ</em></strong></span> <span class='ocrx_word' id='word_1_98' title='bbox 1090 1811 1197 1885; x_wconf 83' lang='grc' dir='ltr'><strong><em>(σ’δυστῖ</em></strong></span> <span class='ocrx_word' id='word_1_99' title='bbox 1215 1817 1250 1885; x_wconf 87' lang='grc'><strong><em>0,</em></strong></span> <span class='ocrx_word' id='word_1_100' title='bbox 1275 1818 1354 1874; x_wconf 88' lang='lat' dir='ltr'><strong>omis.</strong></span> <span class='ocrx_word' id='word_1_101' title='bbox 1372 1818 1429 1873; x_wconf 90' lang='lat' dir='ltr'><strong>rell.</strong></span> <span class='ocrx_word' id='word_1_102' title='bbox 1447 1818 1482 1873; x_wconf 80' lang='lat' dir='ltr'><strong><em>ef.</em></strong></span> 
     </span>
     <span class='ocr_line' id='line_1_14' title="bbox 225 1897 1397 1974; baseline 0.003 -17"><span class='ocrx_word' id='word_1_103' title='bbox 225 1904 313 1959; x_wconf 87' lang='lat' dir='ltr'><strong>Bethe</strong></span> <span class='ocrx_word' id='word_1_104' title='bbox 332 1902 424 1958; x_wconf 84' lang='lat' dir='ltr'><strong>Goett.</strong></span> <span class='ocrx_word' id='word_1_105' title='bbox 441 1901 539 1957; x_wconf 84' lang='lat' dir='ltr'><strong>Naehr.</strong></span> <span class='ocrx_word' id='word_1_106' title='bbox 559 1905 624 1956; x_wconf 82' lang='lat'>1895</span> <span class='ocrx_word' id='word_1_107' title='bbox 642 1919 669 1971; x_wconf 88' lang='lat' dir='ltr'><strong><em>p.</em></strong></span> <span class='ocrx_word' id='word_1_108' title='bbox 682 1906 742 1968; x_wconf 90' lang='grc'><strong>329)</strong></span> <span class='ocrx_word' id='word_1_109' title='bbox 760 1906 906 1974; x_wconf 80' lang='grc' dir='ltr'><strong><em>Ναυαχιῦι.</em></strong></span> <span class='ocrx_word' id='word_1_110' title='bbox 941 1902 1060 1974; x_wconf 87' lang='lat' dir='ltr'><strong>Hesych.</strong></span> <span class='ocrx_word' id='word_1_111' title='bbox 1080 1897 1197 1973; x_wconf 71' lang='grc' dir='ltr'><strong><em>ὀρθίας·</em></strong></span> <span class='ocrx_word' id='word_1_112' title='bbox 1220 1898 1300 1970; x_wconf 76' lang='grc' dir='ltr'><strong><em>ἱστὸς</em></strong></span> <span class='ocrx_word' id='word_1_113' title='bbox 1317 1900 1397 1970; x_wconf 79' lang='grc' dir='ltr'><strong><em>νεώς.</em></strong></span> 
     </span>
    </p>

    <p class='ocr_par' dir='ltr' id='par_1_9' title="bbox 310 1987 701 2058">
     <span class='ocr_line' id='line_1_15' title="bbox 310 1987 701 2058; baseline -0.005 -15"><span class='ocrx_word' id='word_1_114' title='bbox 310 2005 338 2042; x_wconf 89' lang='lat' dir='ltr'><strong><em>v.</em></strong></span> <span class='ocrx_word' id='word_1_115' title='bbox 355 1994 496 2058; x_wconf 76' lang='lat' dir='ltr'><strong>praeterea</strong></span> <span class='ocrx_word' id='word_1_116' title='bbox 513 1987 547 2042; x_wconf 84' lang='lat' dir='ltr'><strong><em>fr.</em></strong></span> <span class='ocrx_word' id='word_1_117' title='bbox 567 1991 624 2041; x_wconf 91' lang='grc'><strong>112.</strong></span> <span class='ocrx_word' id='word_1_118' title='bbox 644 1991 701 2041; x_wconf 89' lang='grc'><strong>113.</strong></span> 
     </span>
    </p>
   </div>
   <div class='ocr_carea' id='block_1_9' title="bbox 295 2195 1420 2413">
    <p class='ocr_par' dir='ltr' id='par_1_10' title="bbox 295 2195 1420 2413">
     <span class='ocr_line' id='line_1_16' title="bbox 295 2195 1420 2278; baseline -0.004 -16"><span class='ocrx_word' id='word_1_119' title='bbox 295 2197 516 2262; x_wconf 62' lang='lat' dir='ltr'><strong>odmen:</strong></span> <span class='ocrx_word' id='word_1_120' title='bbox 537 2195 599 2259; x_wconf 88' lang='lat' dir='ltr'><strong>sive</strong></span> <span class='ocrx_word' id='word_1_121' title='bbox 620 2203 818 2263; x_wconf 76' lang='lat' dir='ltr'><em>AVTOMOA</em></span> <span class='ocrx_word' id='word_1_122' title='bbox 825 2204 880 2262; x_wconf 86' lang='grc' dir='ltr'><strong><em>ΟΣ</em></strong></span> <span class='ocrx_word' id='word_1_123' title='bbox 900 2197 962 2260; x_wconf 88' lang='lat' dir='ltr'><strong>sive</strong></span> <span class='ocrx_word' id='word_1_124' title='bbox 983 2203 1185 2263; x_wconf 72' lang='grc' dir='ltr'><em>ΝΑΥΑΓΟΣ</em></span> <span class='ocrx_word' id='word_1_125' title='bbox 1207 2198 1247 2278; x_wconf 88' lang='lat' dir='ltr'><strong><em>(p.</em></strong></span> <span class='ocrx_word' id='word_1_126' title='bbox 1263 2199 1325 2260; x_wconf 82' lang='grc'><strong><em>248</em></strong></span> <span class='ocrx_word' id='word_1_127' title='bbox 1346 2196 1420 2277; x_wconf 85' lang='lat' dir='ltr'><strong>Lor)</strong></span> 
     </span>
     <span class='ocr_line' id='line_1_17' title="bbox 735 2331 976 2413; baseline 0.012 -20"><span class='ocrx_word' id='word_1_128' title='bbox 735 2334 795 2395; x_wconf 85' lang='grc'><strong>107</strong></span> <span class='ocrx_word' id='word_1_129' title='bbox 820 2335 874 2412; x_wconf 85' lang='grc'><strong><em>(14</em></strong></span> <span class='ocrx_word' id='word_1_130' title='bbox 895 2331 976 2413; x_wconf 84' lang='lat' dir='ltr'><strong>Ahr)</strong></span> 
     </span>
    </p>
   </div>
   <div class='ocr_carea' id='block_1_10' title="bbox 227 2458 1484 2776">
    <p class='ocr_par' dir='ltr' id='par_1_11' title="bbox 227 2458 1484 2776">
     <span class='ocr_line' id='line_1_18' title="bbox 312 2458 1484 2538; baseline 0.002 -20"><span class='ocrx_word' id='word_1_131' title='bbox 312 2464 357 2519; x_wconf 81' lang='lat' dir='ltr'><strong><em>Et.</em></strong></span> <span class='ocrx_word' id='word_1_132' title='bbox 375 2462 467 2520; x_wconf 87' lang='lat' dir='ltr'><strong>Orion.</strong></span> <span class='ocrx_word' id='word_1_133' title='bbox 488 2467 573 2529; x_wconf 90' lang='grc'><strong>139,1</strong></span> <span class='ocrx_word' id='word_1_134' title='bbox 599 2460 687 2536; x_wconf 81' lang='grc' dir='ltr'><strong><em>ῥῆχος</em></strong></span> <span class='ocrx_word' id='word_1_135' title='bbox 710 2459 745 2521; x_wconf 87' lang='grc' dir='ltr'><strong><em>τὸ</em></strong></span> <span class='ocrx_word' id='word_1_136' title='bbox 764 2458 882 2534; x_wconf 85' lang='grc' dir='ltr'><strong><em>βαπτὸν</em></strong></span> <span class='ocrx_word' id='word_1_137' title='bbox 904 2469 1024 2538; x_wconf 81' lang='grc' dir='ltr'><strong><em>στρῶμα</em></strong></span> <span class='ocrx_word' id='word_1_138' title='bbox 1044 2459 1087 2527; x_wconf 84' lang='grc' dir='ltr'><strong><em>(τὸ</em></strong></span> <span class='ocrx_word' id='word_1_139' title='bbox 1106 2467 1278 2537; x_wconf 82' lang='grc' dir='ltr'><strong><em>πορφυροῦν</em></strong></span> <span class='ocrx_word' id='word_1_140' title='bbox 1293 2458 1484 2536; x_wconf 82' lang='grc' dir='ltr'><strong><em>περιβόλαιον</em></strong></span> 
     </span>
     <span class='ocr_line' id='line_1_19' title="bbox 227 2543 1484 2622; baseline -0.001 -20"><span class='ocrx_word' id='word_1_141' title='bbox 227 2548 272 2603; x_wconf 85' lang='lat' dir='ltr'><strong><em>Et.</em></strong></span> <span class='ocrx_word' id='word_1_142' title='bbox 289 2548 326 2602; x_wconf 90' lang='lat' dir='ltr'><strong><em>M.</em></strong></span> <span class='ocrx_word' id='word_1_143' title='bbox 344 2553 403 2615; x_wconf 88' lang='grc'><strong>103,</strong></span> <span class='ocrx_word' id='word_1_144' title='bbox 415 2553 467 2615; x_wconf 91' lang='grc'><strong>21).</strong></span> <span class='ocrx_word' id='word_1_145' title='bbox 503 2547 581 2622; x_wconf 78' lang='grc' dir='ltr'><strong><em>ῥέξαι</em></strong></span> <span class='ocrx_word' id='word_1_146' title='bbox 598 2543 655 2621; x_wconf 79' lang='grc' dir='ltr'><strong><em>γὰρ</em></strong></span> <span class='ocrx_word' id='word_1_147' title='bbox 678 2543 712 2605; x_wconf 87' lang='grc' dir='ltr'><strong><em>τὸ</em></strong></span> <span class='ocrx_word' id='word_1_148' title='bbox 735 2545 832 2622; x_wconf 89' lang='grc' dir='ltr'><strong><em>βάψαι</em></strong></span> <span class='ocrx_word' id='word_1_149' title='bbox 855 2553 913 2614; x_wconf 81' lang='grc' dir='ltr'><strong><em>(καὶ</em></strong></span> <span class='ocrx_word' id='word_1_150' title='bbox 932 2547 1022 2607; x_wconf 77' lang='grc' dir='ltr'><strong><em>οἱονεὶ</em></strong></span> <span class='ocrx_word' id='word_1_151' title='bbox 1038 2553 1229 2622; x_wconf 83' lang='grc' dir='ltr'><strong><em>μεταποιῆσαι</em></strong></span> <span class='ocrx_word' id='word_1_152' title='bbox 1251 2549 1315 2605; x_wconf 77' lang='lat' dir='ltr'><strong>edd.</strong></span> <span class='ocrx_word' id='word_1_153' title='bbox 1333 2549 1377 2603; x_wconf 83' lang='lat' dir='ltr'><strong><em>Et.</em></strong></span> <span class='ocrx_word' id='word_1_154' title='bbox 1395 2549 1432 2614; x_wconf 87' lang='lat' dir='ltr'><strong><em>M)</em></strong></span> <span class='ocrx_word' id='word_1_155' title='bbox 1451 2588 1458 2602; x_wconf 95' lang='lat'><strong>.</strong></span> <span class='ocrx_word' id='word_1_156' title='bbox 1476 2587 1484 2602; x_wconf 91' lang='lat'><strong>.</strong></span> 
     </span>
     <span class='ocr_line' id='line_1_20' title="bbox 228 2628 1484 2708; baseline -0.003 -18"><span class='ocrx_word' id='word_1_157' title='bbox 228 2637 277 2690; x_wconf 83' lang='grc' dir='ltr'><strong><em>καὶ</em></strong></span> <span class='ocrx_word' id='word_1_158' title='bbox 300 2632 395 2706; x_wconf 85' lang='grc' dir='ltr'><strong><em>ῥηγεῖς</em></strong></span> <span class='ocrx_word' id='word_1_159' title='bbox 417 2630 516 2706; x_wconf 72' lang='grc' dir='ltr'><strong><em>ἔλεγον</em></strong></span> <span class='ocrx_word' id='word_1_160' title='bbox 539 2628 607 2700; x_wconf 83' lang='grc' dir='ltr'><strong><em>τοὺς</em></strong></span> <span class='ocrx_word' id='word_1_161' title='bbox 623 2639 727 2706; x_wconf 85' lang='grc' dir='ltr'><strong><em>βαφεῖς</em></strong></span> <span class='ocrx_word' id='word_1_162' title='bbox 749 2632 777 2691; x_wconf 77' lang='grc' dir='ltr'><strong><em>οῖ</em></strong></span> <span class='ocrx_word' id='word_1_163' title='bbox 794 2637 912 2692; x_wconf 79' lang='grc' dir='ltr'><strong><em>παλαιοὶ</em></strong></span> <span class='ocrx_word' id='word_1_164' title='bbox 933 2637 991 2701; x_wconf 78' lang='grc' dir='ltr'><strong><em>(καὶ</em></strong></span> <span class='ocrx_word' id='word_1_165' title='bbox 1010 2633 1096 2708; x_wconf 82' lang='grc' dir='ltr'><strong><em>ῥέχος</em></strong></span> <span class='ocrx_word' id='word_1_166' title='bbox 1117 2629 1152 2693; x_wconf 85' lang='grc' dir='ltr'><strong><em>τὸ</em></strong></span> <span class='ocrx_word' id='word_1_167' title='bbox 1170 2631 1272 2708; x_wconf 81' lang='grc' dir='ltr'><strong><em>βάμμα</em></strong></span> <span class='ocrx_word' id='word_1_168' title='bbox 1295 2634 1358 2690; x_wconf 82' lang='lat' dir='ltr'><strong>add.</strong></span> <span class='ocrx_word' id='word_1_169' title='bbox 1376 2633 1420 2688; x_wconf 87' lang='lat' dir='ltr'><strong><em>Et.</em></strong></span> <span class='ocrx_word' id='word_1_170' title='bbox 1438 2634 1484 2700; x_wconf 88' lang='grc' dir='ltr'><strong><em>Μ).</em></strong></span> 
     </span>
     <span class='ocr_line' id='line_1_21' title="bbox 227 2710 401 2776; baseline 0 -1"><span class='ocrx_word' id='word_1_171' title='bbox 227 2712 262 2776; x_wconf 67' lang='lat' dir='ltr'><strong><em>&#39;h</em></strong></span> <span class='ocrx_word' id='word_1_172' title='bbox 280 2710 401 2776; x_wconf 84' lang='grc' dir='ltr'><strong><em>Ὀδυσσεῖ</em></strong></span> 
     </span>
    </p>
   </div>
   <div class='ocr_carea' id='block_1_11' title="bbox 475 2805 934 2892">
    <p class='ocr_par' dir='ltr' id='par_1_12' title="bbox 475 2805 934 2892">
     <span class='ocr_line' id='line_1_22' title="bbox 475 2805 934 2892; baseline 0.004 -20"><span class='ocrx_word' id='word_1_173' title='bbox 475 2805 559 2873; x_wconf 77' lang='grc' dir='ltr'><strong><em>ἀλλὰ</em></strong></span> <span class='ocrx_word' id='word_1_174' title='bbox 582 2813 636 2873; x_wconf 83' lang='grc' dir='ltr'><strong><em>καὶ</em></strong></span> <span class='ocrx_word' id='word_1_175' title='bbox 658 2809 740 2890; x_wconf 79' lang='grc' dir='ltr'><strong><em>ῥέζει</em></strong></span> <span class='ocrx_word' id='word_1_176' title='bbox 762 2834 793 2873; x_wconf 92' lang='grc' dir='ltr'><strong><em>τι</em></strong></span> <span class='ocrx_word' id='word_1_177' title='bbox 812 2817 934 2892; x_wconf 82' lang='grc' dir='ltr'><strong><em>χρῶμα.</em></strong></span> 
     </span>
    </p>
   </div>
   <div class='ocr_carea' id='block_1_12' title="bbox 228 2932 1487 3354">
    <p class='ocr_par' dir='ltr' id='par_1_13' title="bbox 228 2932 1487 3266">
     <span class='ocr_line' id='line_1_23' title="bbox 230 2932 1486 3015; baseline 0.001 -20"><span class='ocrx_word' id='word_1_178' title='bbox 230 2933 295 2996; x_wconf 82' lang='grc' dir='ltr'><strong><em>άντὶ</em></strong></span> <span class='ocrx_word' id='word_1_179' title='bbox 307 2944 360 2997; x_wconf 85' lang='grc' dir='ltr'><strong><em>τοῦ</em></strong></span> <span class='ocrx_word' id='word_1_180' title='bbox 371 2935 484 3015; x_wconf 89' lang='grc' dir='ltr'><strong><em>βάπτει.</em></strong></span> <span class='ocrx_word' id='word_1_181' title='bbox 514 2939 595 2996; x_wconf 82' lang='lat' dir='ltr'><strong>Phot.</strong></span> <span class='ocrx_word' id='word_1_182' title='bbox 614 2939 704 3012; x_wconf 79' lang='grc' dir='ltr'><strong><em>ῥέξαι·</em></strong></span> <span class='ocrx_word' id='word_1_183' title='bbox 723 2945 854 3013; x_wconf 81' lang='grc' dir='ltr'><strong><em>ποιῆσαι,</em></strong></span> <span class='ocrx_word' id='word_1_184' title='bbox 872 2945 991 3014; x_wconf 80' lang='grc' dir='ltr'><strong><em>πρᾶξαι,</em></strong></span> <span class='ocrx_word' id='word_1_185' title='bbox 1009 2933 1151 3013; x_wconf 71' lang='grc' dir='ltr'><strong><em>Ἀθηναῖοι</em></strong></span> <span class='ocrx_word' id='word_1_186' title='bbox 1163 2940 1192 2998; x_wconf 77' lang='grc' dir='ltr'><strong><em>δὲ</em></strong></span> <span class='ocrx_word' id='word_1_187' title='bbox 1208 2943 1302 3006; x_wconf 74' lang='grc' dir='ltr'><strong><em>δῦσαι,</em></strong></span> <span class='ocrx_word' id='word_1_188' title='bbox 1320 2932 1393 3012; x_wconf 82' lang='grc' dir='ltr'><strong><em>παρ’</em></strong></span> <span class='ocrx_word' id='word_1_189' title='bbox 1411 2934 1486 2996; x_wconf 74' lang='grc' dir='ltr'><strong><em>Ἐπι-</em></strong></span> 
     </span>
     <span class='ocr_line' id='line_1_24' title="bbox 228 3016 1486 3099; baseline -0.001 -18"><span class='ocrx_word' id='word_1_190' title='bbox 228 3016 344 3096; x_wconf 81' lang='grc' dir='ltr'><strong><em>χάρμαι</em></strong></span> <span class='ocrx_word' id='word_1_191' title='bbox 367 3020 401 3082; x_wconf 89' lang='grc' dir='ltr'><strong><em>τὸ</em></strong></span> <span class='ocrx_word' id='word_1_192' title='bbox 420 3021 533 3099; x_wconf 78' lang='grc' dir='ltr'><strong><em>βλάψαι</em></strong></span> <span class='ocrx_word' id='word_1_193' title='bbox 557 3027 583 3089; x_wconf 67' lang='lat' dir='ltr'><strong><em>(l.</em></strong></span> <span class='ocrx_word' id='word_1_194' title='bbox 601 3023 716 3099; x_wconf 87' lang='grc' dir='ltr'><strong><em>βάψαι).</em></strong></span> <span class='ocrx_word' id='word_1_195' title='bbox 751 3026 870 3098; x_wconf 85' lang='lat' dir='ltr'><strong>Hesyeh.</strong></span> <span class='ocrx_word' id='word_1_196' title='bbox 889 3025 975 3099; x_wconf 78' lang='grc' dir='ltr'><strong><em>ῥέξει·</em></strong></span> <span class='ocrx_word' id='word_1_197' title='bbox 1003 3021 1117 3098; x_wconf 83' lang='grc' dir='ltr'><strong><em>πράξει,</em></strong></span> <span class='ocrx_word' id='word_1_198' title='bbox 1144 3022 1239 3090; x_wconf 75' lang='grc' dir='ltr'><strong><em>βάσει,</em></strong></span> <span class='ocrx_word' id='word_1_199' title='bbox 1264 3023 1486 3099; x_wconf 82' lang='grc' dir='ltr'><strong><em>παρασκευάσει,</em></strong></span> 
     </span>
     <span class='ocr_line' id='line_1_25' title="bbox 231 3106 1487 3182; baseline -0.004 -14"><span class='ocrx_word' id='word_1_200' title='bbox 231 3106 388 3179; x_wconf 74' lang='grc' dir='ltr'><strong><em>ἑτοιμάσει,</em></strong></span> <span class='ocrx_word' id='word_1_201' title='bbox 407 3109 487 3177; x_wconf 77' lang='grc' dir='ltr'><strong><em>ξέσει.</em></strong></span> <span class='ocrx_word' id='word_1_202' title='bbox 523 3111 620 3167; x_wconf 81' lang='lat' dir='ltr'><strong>dubito</strong></span> <span class='ocrx_word' id='word_1_203' title='bbox 641 3111 676 3166; x_wconf 87' lang='lat' dir='ltr'><strong><em>de</em></strong></span> <span class='ocrx_word' id='word_1_204' title='bbox 696 3111 822 3182; x_wconf 85' lang='lat' dir='ltr'><strong>tingendi</strong></span> <span class='ocrx_word' id='word_1_205' title='bbox 838 3110 1004 3182; x_wconf 81' lang='lat' dir='ltr'><strong>significatu,</strong></span> <span class='ocrx_word' id='word_1_206' title='bbox 1021 3127 1073 3167; x_wconf 82' lang='lat' dir='ltr'><strong><em>nee</em></strong></span> <span class='ocrx_word' id='word_1_207' title='bbox 1089 3111 1200 3167; x_wconf 79' lang='lat' dir='ltr'>sustulit</span> <span class='ocrx_word' id='word_1_208' title='bbox 1217 3111 1404 3167; x_wconf 80' lang='lat' dir='ltr'><strong>dubitationes</strong></span> <span class='ocrx_word' id='word_1_209' title='bbox 1421 3110 1487 3165; x_wconf 88' lang='lat' dir='ltr'><strong>Mei-</strong></span> 
     </span>
     <span class='ocr_line' id='line_1_26' title="bbox 231 3195 720 3266; baseline 0 -16"><span class='ocrx_word' id='word_1_210' title='bbox 231 3195 331 3251; x_wconf 86' lang='lat' dir='ltr'><strong>nekius</strong></span> <span class='ocrx_word' id='word_1_211' title='bbox 349 3195 437 3250; x_wconf 83' lang='lat' dir='ltr'><strong>Iahnii</strong></span> <span class='ocrx_word' id='word_1_212' title='bbox 456 3213 518 3251; x_wconf 84' lang='lat' dir='ltr'><strong>ann.</strong></span> <span class='ocrx_word' id='word_1_213' title='bbox 539 3200 603 3251; x_wconf 84' lang='lat'><strong>1863</strong></span> <span class='ocrx_word' id='word_1_214' title='bbox 621 3214 649 3266; x_wconf 88' lang='lat' dir='ltr'><strong><em>p.</em></strong></span> <span class='ocrx_word' id='word_1_215' title='bbox 662 3200 720 3251; x_wconf 85' lang='lat'><strong>388.</strong></span> 
     </span>
    </p>

    <p class='ocr_par' dir='ltr' id='par_1_14' title="bbox 318 3278 772 3354">
     <span class='ocr_line' id='line_1_27' title="bbox 318 3278 772 3354; baseline -0.004 -17"><span class='ocrx_word' id='word_1_216' title='bbox 318 3278 390 3354; x_wconf 83' lang='grc' dir='ltr'><strong><em>ῥέξει</em></strong></span> <span class='ocrx_word' id='word_1_217' title='bbox 408 3280 513 3350; x_wconf 84' lang='lat' dir='ltr'>legerat</span> <span class='ocrx_word' id='word_1_218' title='bbox 528 3279 592 3336; x_wconf 81' lang='lat' dir='ltr'><strong>fort.</strong></span> <span class='ocrx_word' id='word_1_219' title='bbox 610 3280 772 3354; x_wconf 80' lang='lat' dir='ltr'><strong>Hesychius.</strong></span> 
     </span>
    </p>
   </div>
   <div class='ocr_carea' id='block_1_13' title="bbox 317 3473 1120 3669">
    <p class='ocr_par' dir='ltr' id='par_1_15' title="bbox 317 3473 1120 3669">
     <span class='ocr_line' id='line_1_28' title="bbox 826 3473 887 3534; baseline 0.033 -2"><span class='ocrx_word' id='word_1_220' title='bbox 826 3473 887 3534; x_wconf 85' lang='grc'><strong>108</strong></span> 
     </span>
     <span class='ocr_line' id='line_1_29' title="bbox 317 3594 1120 3669; baseline 0.002 -11"><span class='ocrx_word' id='word_1_221' title='bbox 317 3603 438 3658; x_wconf 82' lang='lat' dir='ltr'><strong>Antistt.</strong></span> <span class='ocrx_word' id='word_1_222' title='bbox 455 3601 545 3658; x_wconf 86' lang='lat' dir='ltr'><strong>Bekk.</strong></span> <span class='ocrx_word' id='word_1_223' title='bbox 564 3605 605 3669; x_wconf 91' lang='grc'><strong><em>82,</em></strong></span> <span class='ocrx_word' id='word_1_224' title='bbox 625 3605 656 3656; x_wconf 87' lang='grc'><strong>16</strong></span> <span class='ocrx_word' id='word_1_225' title='bbox 675 3595 907 3669; x_wconf 88' lang='grc' dir='ltr'><strong><em>άννπόδετος·</em></strong></span> <span class='ocrx_word' id='word_1_226' title='bbox 932 3596 972 3659; x_wconf 71' lang='lat' dir='ltr'><strong><em>’le</em></strong></span> <span class='ocrx_word' id='word_1_227' title='bbox 990 3594 1120 3660; x_wconf 87' lang='grc' dir='ltr'><strong><em>Ὀδυσσεῖ.</em></strong></span> 
     </span>
    </p>
   </div>
   <div class='ocr_carea' id='block_1_14' title="bbox 568 3810 1156 3891">
    <p class='ocr_par' dir='ltr' id='par_1_16' title="bbox 568 3810 1156 3891">
     <span class='ocr_line' id='line_1_30' title="bbox 568 3810 1156 3891; baseline -0.005 -16"><span class='ocrx_word' id='word_1_228' title='bbox 568 3817 671 3875; x_wconf 72' lang='lat' dir='ltr'><strong><em>om</em></strong></span> <span class='ocrx_word' id='word_1_229' title='bbox 696 3810 757 3873; x_wconf 86' lang='lat' dir='ltr'><strong>sive</strong></span> <span class='ocrx_word' id='word_1_230' title='bbox 784 3817 916 3878; x_wconf 77' lang='lat' dir='ltr'><strong><em>OPOYA</em></strong></span> <span class='ocrx_word' id='word_1_231' title='bbox 942 3813 982 3891; x_wconf 77' lang='lat' dir='ltr'><strong><em>(P.</em></strong></span> <span class='ocrx_word' id='word_1_232' title='bbox 999 3812 1061 3873; x_wconf 89' lang='grc'><strong><em>248</em></strong></span> <span class='ocrx_word' id='word_1_233' title='bbox 1082 3810 1156 3888; x_wconf 91' lang='lat' dir='ltr'>Lor)</span> 
     </span>
    </p>
   </div>
   <div class='ocr_carea' id='block_1_15' title="bbox 233 3934 1491 4520">
    <p class='ocr_par' dir='ltr' id='par_1_17' title="bbox 233 3934 1491 4439">
     <span class='ocr_line' id='line_1_31' title="bbox 319 3934 1489 4016; baseline -0.001 -19"><span class='ocrx_word' id='word_1_234' title='bbox 319 3942 423 3997; x_wconf 84' lang='lat' dir='ltr'><strong>Athen.</strong></span> <span class='ocrx_word' id='word_1_235' title='bbox 442 3942 557 3996; x_wconf 80' lang='lat' dir='ltr'>1119ss</span> <span class='ocrx_word' id='word_1_236' title='bbox 578 3946 692 4016; x_wconf 81' lang='grc' dir='ltr'><strong><em>χορδῶν</em></strong></span> <span class='ocrx_word' id='word_1_237' title='bbox 709 3963 741 4000; x_wconf 89' lang='grc' dir='ltr'><strong><em>τε</em></strong></span> <span class='ocrx_word' id='word_1_238' title='bbox 758 3941 897 4015; x_wconf 69' lang='grc' dir='ltr'><strong><em>μέμνηται</em></strong></span> <span class='ocrx_word' id='word_1_239' title='bbox 914 3934 1101 4016; x_wconf 78' lang='grc' dir='ltr'><strong><em>Ἐπίχαρμος,</em></strong></span> <span class='ocrx_word' id='word_1_240' title='bbox 1125 3936 1159 4009; x_wconf 77' lang='grc' dir='ltr'><strong><em>ῥὶς</em></strong></span> <span class='ocrx_word' id='word_1_241' title='bbox 1177 3935 1267 4015; x_wconf 78' lang='grc' dir='ltr'><strong><em>ὀρύας</em></strong></span> <span class='ocrx_word' id='word_1_242' title='bbox 1289 3935 1426 4012; x_wconf 75' lang='grc' dir='ltr'><strong><em>ὀνομάζει</em></strong></span> <span class='ocrx_word' id='word_1_243' title='bbox 1446 3942 1489 4008; x_wconf 87' lang='lat' dir='ltr'><strong>(ef.</strong></span> 
     </span>
     <span class='ocr_line' id='line_1_32' title="bbox 234 4021 1490 4101; baseline 0 -18"><span class='ocrx_word' id='word_1_244' title='bbox 234 4029 275 4083; x_wconf 90' lang='lat' dir='ltr'><strong><em>IX</em></strong></span> <span class='ocrx_word' id='word_1_245' title='bbox 293 4028 391 4094; x_wconf 78' lang='grc'><strong>3661)),</strong></span> <span class='ocrx_word' id='word_1_246' title='bbox 417 4023 581 4100; x_wconf 80' lang='grc' dir='ltr'><strong><em>ἐπιγράψας</em></strong></span> <span class='ocrx_word' id='word_1_247' title='bbox 603 4049 630 4085; x_wconf 90' lang='grc' dir='ltr'><strong><em>τι</em></strong></span> <span class='ocrx_word' id='word_1_248' title='bbox 652 4031 701 4086; x_wconf 80' lang='grc' dir='ltr'><strong><em>καὶ</em></strong></span> <span class='ocrx_word' id='word_1_249' title='bbox 723 4031 782 4085; x_wconf 83' lang='grc' dir='ltr'><strong><em>τῶν</em></strong></span> <span class='ocrx_word' id='word_1_250' title='bbox 806 4024 960 4101; x_wconf 86' lang='grc' dir='ltr'><strong><em>δραμάτων</em></strong></span> <span class='ocrx_word' id='word_1_251' title='bbox 980 4021 1087 4100; x_wconf 79' lang='grc' dir='ltr'><strong><em>Ὀρύαν.</em></strong></span> <span class='ocrx_word' id='word_1_252' title='bbox 1122 4027 1240 4100; x_wconf 85' lang='lat' dir='ltr'><strong>Hesyeh.</strong></span> <span class='ocrx_word' id='word_1_253' title='bbox 1261 4021 1365 4100; x_wconf 80' lang='grc' dir='ltr'><strong><em>άροάα·</em></strong></span> <span class='ocrx_word' id='word_1_254' title='bbox 1391 4022 1490 4100; x_wconf 82' lang='grc' dir='ltr'><strong><em>χορδή,</em></strong></span> 
     </span>
     <span class='ocr_line' id='line_1_33' title="bbox 234 4106 1490 4186; baseline -0.003 -16"><span class='ocrx_word' id='word_1_255' title='bbox 234 4116 282 4170; x_wconf 81' lang='grc' dir='ltr'><strong><em>καὶ</em></strong></span> <span class='ocrx_word' id='word_1_256' title='bbox 295 4109 454 4185; x_wconf 80' lang='grc' dir='ltr'><strong><em>σύντριμμα</em></strong></span> <span class='ocrx_word' id='word_1_257' title='bbox 467 4109 617 4170; x_wconf 86' lang='grc' dir='ltr'><strong><em>πολιτικόν</em></strong></span> <span class='ocrx_word' id='word_1_258' title='bbox 627 4114 668 4180; x_wconf 80' lang='grc'><strong>(1),</strong></span> <span class='ocrx_word' id='word_1_259' title='bbox 680 4113 720 4179; x_wconf 81' lang='grc' dir='ltr'><strong><em>εἰς</em></strong></span> <span class='ocrx_word' id='word_1_260' title='bbox 734 4107 750 4170; x_wconf 77' lang='grc' dir='ltr'><em>ὃ</em></span> <span class='ocrx_word' id='word_1_261' title='bbox 763 4107 939 4186; x_wconf 84' lang='grc' dir='ltr'><strong><em>Ἐπιχάρμου</em></strong></span> <span class='ocrx_word' id='word_1_262' title='bbox 951 4116 1053 4186; x_wconf 82' lang='grc' dir='ltr'><strong><em>δρᾶμα.</em></strong></span> <span class='ocrx_word' id='word_1_263' title='bbox 1080 4112 1115 4169; x_wconf 86' lang='lat' dir='ltr'><strong><em>ef.</em></strong></span> <span class='ocrx_word' id='word_1_264' title='bbox 1127 4113 1247 4186; x_wconf 84' lang='lat' dir='ltr'><strong>Hesych.</strong></span> <span class='ocrx_word' id='word_1_265' title='bbox 1261 4106 1342 4185; x_wconf 81' lang='grc' dir='ltr'><strong><em>σ’ράα.</em></strong></span> <span class='ocrx_word' id='word_1_266' title='bbox 1364 4111 1490 4182; x_wconf 86' lang='lat' dir='ltr'><strong>Theogn.</strong></span> 
     </span>
     <span class='ocr_line' id='line_1_34' title="bbox 233 4191 1491 4271; baseline 0 -18"><span class='ocrx_word' id='word_1_267' title='bbox 233 4217 261 4268; x_wconf 88' lang='lat' dir='ltr'><strong><em>p.</em></strong></span> <span class='ocrx_word' id='word_1_268' title='bbox 282 4202 329 4253; x_wconf 88' lang='grc'><strong>106</strong></span> <span class='ocrx_word' id='word_1_269' title='bbox 354 4197 399 4264; x_wconf 83' lang='lat' dir='ltr'><strong>(ef.</strong></span> <span class='ocrx_word' id='word_1_270' title='bbox 416 4196 473 4251; x_wconf 90' lang='lat' dir='ltr'><strong><em>An.</em></strong></span> <span class='ocrx_word' id='word_1_271' title='bbox 491 4196 581 4252; x_wconf 86' lang='lat' dir='ltr'><strong>Bekk.</strong></span> <span class='ocrx_word' id='word_1_272' title='bbox 603 4215 630 4267; x_wconf 88' lang='lat' dir='ltr'><strong><em>p.</em></strong></span> <span class='ocrx_word' id='word_1_273' title='bbox 651 4203 725 4265; x_wconf 87' lang='grc'><strong>1382)</strong></span> <span class='ocrx_word' id='word_1_274' title='bbox 751 4194 831 4271; x_wconf 81' lang='grc' dir='ltr'><strong><em>ἰχνάα</em></strong></span> <span class='ocrx_word' id='word_1_275' title='bbox 851 4191 932 4271; x_wconf 82' lang='grc' dir='ltr'><strong><em>σ’ρύα.</em></strong></span> <span class='ocrx_word' id='word_1_276' title='bbox 967 4193 1153 4271; x_wconf 75' lang='grc' dir='ltr'><strong><em>Ἀρίσταρχος</em></strong></span> <span class='ocrx_word' id='word_1_277' title='bbox 1176 4197 1319 4255; x_wconf 84' lang='grc' dir='ltr'><strong><em>συστέλλει</em></strong></span> <span class='ocrx_word' id='word_1_278' title='bbox 1341 4192 1376 4254; x_wconf 86' lang='grc' dir='ltr'><strong><em>τὸ</em></strong></span> <span class='ocrx_word' id='word_1_279' title='bbox 1400 4205 1419 4254; x_wconf 88' lang='grc' dir='ltr'><strong><em>ᾱ</em></strong></span> <span class='ocrx_word' id='word_1_280' title='bbox 1441 4200 1491 4253; x_wconf 85' lang='grc' dir='ltr'><strong><em>καλ</em></strong></span> 
     </span>
     <span class='ocr_line' id='line_1_35' title="bbox 234 4277 1491 4356; baseline -0.002 -15"><span class='ocrx_word' id='word_1_281' title='bbox 234 4284 354 4342; x_wconf 74' lang='grc' dir='ltr'><strong><em>ἐκτείνει</em></strong></span> <span class='ocrx_word' id='word_1_282' title='bbox 371 4277 407 4340; x_wconf 88' lang='grc' dir='ltr'><strong><em>τὸ</em></strong></span> <span class='ocrx_word' id='word_1_283' title='bbox 426 4291 442 4339; x_wconf 86' lang='grc' dir='ltr'>ῦ</span> <span class='ocrx_word' id='word_1_284' title='bbox 458 4285 508 4339; x_wconf 85' lang='grc' dir='ltr'><strong><em>καλ</em></strong></span> <span class='ocrx_word' id='word_1_285' title='bbox 525 4280 738 4356; x_wconf 80' lang='grc' dir='ltr'><strong><em>προπαροξύνει</em></strong></span> <span class='ocrx_word' id='word_1_286' title='bbox 759 4279 919 4356; x_wconf 74' lang='grc' dir='ltr'><strong><em>ἐναλλαγὴν</em></strong></span> <span class='ocrx_word' id='word_1_287' title='bbox 936 4279 1026 4341; x_wconf 85' lang='grc' dir='ltr'><strong><em>τόνον</em></strong></span> <span class='ocrx_word' id='word_1_288' title='bbox 1044 4283 1110 4354; x_wconf 80' lang='grc' dir='ltr'><strong><em>(καὶ</em></strong></span> <span class='ocrx_word' id='word_1_289' title='bbox 1125 4279 1236 4355; x_wconf 90' lang='grc' dir='ltr'><strong><em>χρόνον</em></strong></span> <span class='ocrx_word' id='word_1_290' title='bbox 1251 4281 1351 4352; x_wconf 85' lang='lat' dir='ltr'><strong>Bekk)</strong></span> <span class='ocrx_word' id='word_1_291' title='bbox 1374 4301 1491 4354; x_wconf 88' lang='grc' dir='ltr'><strong><em>πεποιη-</em></strong></span> 
     </span>
     <span class='ocr_line' id='line_1_36' title="bbox 234 4362 1023 4439; baseline -0.008 -12"><span class='ocrx_word' id='word_1_292' title='bbox 234 4366 306 4436; x_wconf 81' lang='grc' dir='ltr'><strong><em>κώς,</em></strong></span> <span class='ocrx_word' id='word_1_293' title='bbox 326 4362 365 4434; x_wconf 80' lang='grc' dir='ltr'><strong><em>ὡς</em></strong></span> <span class='ocrx_word' id='word_1_294' title='bbox 382 4369 467 4438; x_wconf 82' lang='grc' dir='ltr'><strong><em>φησὶν</em></strong></span> <span class='ocrx_word' id='word_1_295' title='bbox 480 4362 670 4439; x_wconf 86' lang='grc' dir='ltr'><strong><em>Ἡρωιδιανός.</em></strong></span> <span class='ocrx_word' id='word_1_296' title='bbox 705 4369 791 4425; x_wconf 80' lang='lat' dir='ltr'><strong>Leh1s</strong></span> <span class='ocrx_word' id='word_1_297' title='bbox 808 4368 909 4424; x_wconf 58' lang='lat' dir='ltr'><strong>Arist?</strong></span> <span class='ocrx_word' id='word_1_298' title='bbox 925 4384 953 4437; x_wconf 89' lang='lat' dir='ltr'><strong><em>p.</em></strong></span> <span class='ocrx_word' id='word_1_299' title='bbox 965 4372 1023 4422; x_wconf 88' lang='grc'><strong>302.</strong></span> 
     </span>
    </p>

    <p class='ocr_par' dir='ltr' id='par_1_18' title="bbox 320 4453 1085 4520">
     <span class='ocr_line' id='line_1_37' title="bbox 320 4453 1085 4520; baseline -0.003 -11"><span class='ocrx_word' id='word_1_300' title='bbox 320 4453 389 4509; x_wconf 87' lang='lat' dir='ltr'><strong>nihil</strong></span> <span class='ocrx_word' id='word_1_301' title='bbox 408 4459 539 4520; x_wconf 79' lang='lat' dir='ltr'><strong>superest,</strong></span> <span class='ocrx_word' id='word_1_302' title='bbox 561 4453 611 4508; x_wconf 87' lang='lat' dir='ltr'><strong><em>sed</em></strong></span> <span class='ocrx_word' id='word_1_303' title='bbox 627 4471 655 4508; x_wconf 88' lang='lat' dir='ltr'><strong><em>v.</em></strong></span> <span class='ocrx_word' id='word_1_304' title='bbox 674 4455 709 4509; x_wconf 84' lang='lat' dir='ltr'><strong><em>ad</em></strong></span> <span class='ocrx_word' id='word_1_305' title='bbox 727 4459 823 4513; x_wconf 81' lang='grc' dir='ltr'><strong><em>Νιῖοοι</em></strong></span> <span class='ocrx_word' id='word_1_306' title='bbox 840 4453 950 4510; x_wconf 82' lang='lat' dir='ltr'><strong>fabulae</strong></span> <span class='ocrx_word' id='word_1_307' title='bbox 968 4453 1085 4508; x_wconf 86' lang='lat' dir='ltr'><strong>titulum.</strong></span> 
     </span>
    </p>
   </div>
   <div class='ocr_carea' id='block_1_16' title="bbox 0 0 1604 4800">
    <p class='ocr_par' dir='ltr' id='par_1_19' title="bbox 0 0 1604 4800">
     <span class='ocr_line' id='line_1_38' title="bbox 0 0 1604 4800; baseline 0 0"><span class='ocrx_word' id='word_1_308' title='bbox 0 0 1604 4800; x_wconf 95' lang='lat' dir='ltr'><strong><em> </em></strong></span> 
     </span>
    </p>
   </div>
  </div>
 </body>
</html>
