3164 4800
203 289 244 346 64
631 290 679 338 DE
696 289 877 339 contonam
894 289 1034 339 GRAECA

201 471 335 542 gestae
356 480 376 520 a
397 459 550 521 ciuibus
578 460 679 538 palam
699 480 768 521 oum
789 481 892 521 eorum
913 480 1002 537 saepe
1024 459 1076 539 qui
1095 467 1250 538 gesserant
1275 459 1395 518 nomine
1415 455 1465 517 de·

202 563 415 636 cantabantur3
437 563 526 643 idque
547 565 645 640 ipsum
667 584 721 624 suo
743 572 875 640 tempore
894 561 1026 624 moribus
1048 560 1176 622 multum
1197 559 1310 637 profuit
1329 559 1464 632 ciuitatis,

202 687 271 728 cum
292 666 499 746 unusquisque
519 675 638 726 caueret
657 664 792 742 culpam,
820 685 861 725 ne
881 663 1052 741 spectaculo
1073 664 1175 724 ceteris
1197 663 1343 723 extitisset
1362 671 1393 722 et
1412 660 1465 723 do

202 769 321 829 mestico
343 767 460 849 probro.
503 767 556 829 sed
581 778 649 828 cum
670 776 775 846 poetae
800 765 938 828 licentius
964 765 1048 827 abuti
1069 764 1138 826 stilo
1165 773 1195 825 et
1216 765 1327 844 possim
1347 763 1464 824 laedere
1478 774 1508 822 55

202 891 241 931 ex
261 870 383 931 hbidine
403 870 573 949 coepissent
592 867 694 949 plures
715 867 820 941 bonos,
841 868 1057 948 nequisquam
1079 868 1111 928 in
1132 865 1259 928 alterum
1280 887 1399 928 carmen
1420 867 1466 926 in·

68 1031 72 1039 ,
163 981 182 1039 5
205 972 284 1033 fame
304 981 494 1049 componeret
513 971 576 1032 lata
596 971 662 1051 lege
682 970 798 1032 siluere.
873 979 905 1030 et
916 969 988 1030 hinc
1009 968 1115 1031 deinde
1136 968 1218 1030 aliud
1233 990 1331 1049 genus
1344 967 1467 1029 fabulae

201 1075 233 1134 id
254 1084 300 1135 est
321 1084 453 1154 satyra
474 1073 602 1150 sumpsit
621 1071 783 1146 exordium,
805 1092 915 1151 quaea
929 1074 1045 1153 satyris,
1066 1093 1142 1152 quos
1156 1073 1189 1132 in
1203 1073 1273 1133 iocis
1295 1091 1411 1148 semper
1431 1091 1467 1132 ao

202 1176 377 1254 petulantiis
404 1175 476 1237 deos
504 1176 613 1237 scimus
640 1195 719 1248 esse,
753 1175 883 1235 uocitata
909 1184 969 1236 est:
1002 1176 1059 1236 etsi
1084 1172 1153 1257 <alii
1176 1170 1319 1257 ductum)
1344 1173 1468 1234 aliunde

202 1300 313 1341 nomen
334 1299 426 1356 praue
447 1287 564 1355 putant
606 1276 680 1338 baec
701 1287 803 1357 satyra
823 1277 913 1356 igitur
931 1276 1075 1339 eiusmodi
1093 1277 1159 1350 tuit,
1181 1278 1263 1338 utin
1277 1296 1314 1336 ea
1327 1275 1508 1355 quamuisto

203 1381 278 1443 duro
307 1391 337 1441 et
364 1380 449 1441 uelut
475 1379 582 1458 agresti
603 1379 667 1440 ioco
694 1378 732 1440 de
752 1378 830 1440 uitiis
851 1380 961 1441 cirrium
986 1390 1087 1440 tamen
1108 1378 1174 1440 sine
1194 1378 1261 1440 ullo
1282 1379 1393 1457 proprii
1414 1398 1469 1438 no

204 1483 291 1543 urinis
323 1482 410 1544 titulo
442 1503 562 1543 carmen
594 1492 679 1544 esset
722 1480 805 1561 quod
832 1483 901 1542 item
928 1502 1025 1561 genus
1052 1481 1219 1543 comoediae
1247 1481 1349 1542 multis
1377 1480 1470 1542 oiiuit

203 1586 312 1664 poetis,
341 1605 409 1644 cum
436 1585 468 1645 in
490 1583 686 1660 suspicionem
713 1583 886 1661 potentibus
913 1584 1025 1645 ciuium
1045 1585 1213 1657 uenissent,
1242 1583 1363 1645 illorum
1387 1581 1469 1643 facte

203 1687 392 1764 descripsisse
419 1687 452 1746 in
472 1687 556 1764 peius
577 1706 613 1747 ac
633 1686 816 1748 deformasse
842 1706 938 1766 genus
968 1685 1036 1746 stilo
1058 1686 1205 1748 carminis.
1250 1684 1332 1765 quod
1353 1685 1469 1762 primus

204 1788 339 1850 Lucilius
361 1808 441 1851 nouo
462 1788 637 1866 conseripsit
656 1788 754 1863 modo,
776 1798 811 1849 ut
830 1788 935 1867 poesin
957 1787 1026 1848 inde
1047 1787 1173 1861 iecisset,
1197 1787 1227 1848 id
1242 1797 1288 1848 est
1302 1788 1392 1848 unius
1406 1799 1510 1848 car-65

164 1892 291 1954 inlinis
322 1890 468 1969 plurimos
495 1891 596 1953 libros.
681 1890 739 1952 hoc
766 1890 855 1970 igitur
881 1888 964 1969 quod
992 1910 1084 1967 supra
1110 1889 1240 1951 diximus
1267 1889 1347 1951 mulo
1374 1890 1469 1951 eoacti

203 1994 338 2055 omittere
364 2002 494 2074 satyram
523 1991 606 2054 aliud
632 2013 729 2072 genus
756 1992 894 2052 carminis
926 1993 1024 2055 νέαν
1053 1997 1304 2072 soporatae,
1338 1991 1396 2052 boo
1423 2001 1471 2052 est

203 2116 316 2157 nonem
335 2094 530 2169 comoediam,
551 2115 704 2172 repperere
725 2103 840 2172 poetae,
861 2114 939 2174 quse
952 2103 1128 2174 argumento
1150 2095 1303 2156 communi
1323 2094 1418 2173 magis
1439 2103 1470 2154 et

203 2195 378 2276 generaliter
398 2195 438 2256 ad
460 2205 563 2258 omnes
585 2196 720 2257 homines
748 2197 800 2276 qui
820 2195 1015 2257 mediocribus
1043 2195 1170 2258 fortunis
1192 2207 1288 2278 agtmt
1308 2197 1470 2274 pertineret

203 2311 233 2360 et
253 2300 352 2360 minus
374 2299 577 2360 amaritudinis
599 2297 814 2376 spectatoribus
834 2309 865 2360 et
878 2297 982 2359 eadem
1002 2318 1093 2377 opera
1113 2299 1242 2360 multum
1262 2297 1468 2359 delectationis
1479 2312 1512 2360 70

205 2401 329 2474 afferret
351 2401 499 2463 concinna
514 2396 697 2482 argumento,
719 2399 926 2462 consuetudini
939 2420 1080 2480 congrua,
1103 2401 1184 2464 utilis
1199 2402 1362 2474 sententiis,
1383 2409 1470 2480 gratu

166 2507 184 2564 7
208 2502 329 2576 salibus,
351 2512 422 2579 apta
436 2511 537 2565 metro.
615 2513 649 2562 ut
662 2503 751 2582 igitur
771 2502 935 2579 superiores
955 2501 1026 2563 illae
1048 2505 1109 2566 suis
1124 2525 1260 2586 quaeque
1280 2502 1469 2564 celebrantur

207 2605 389 2678 auctonbus‚
419 2605 460 2666 ita
480 2605 554 2666 baec
582 2607 638 2669 νέα
661 2609 826 2680 nepotata
854 2625 923 2665 cnm
944 2604 1107 2665 multorum
1128 2614 1199 2664 ante
1220 2624 1256 2665 ac
1277 2615 1383 2683 postea
1402 2615 1468 2666 tum

206 2707 362 2784 praecipue
389 2705 593 2767 Menan'dri
620 2700 858 2787 Terentique
884 2715 938 2769 est
981 2706 1020 2767 dc
1040 2727 1101 2787 qua
1129 2727 1198 2768 oum
1219 2708 1315 2781 multa
1343 2708 1469 2770 dicenda

207 2810 275 2881 sint,
297 2817 345 2869 sat
364 2809 419 2869 erit
439 2818 539 2870 temen
560 2809 645 2870 uelut
665 2808 845 2870 admonendi
868 2809 984 2872 lectoris
1006 2829 1098 2870 causa
1119 2809 1201 2889 qnod
1221 2809 1260 2871 de
1280 2821 1344 2872 arte
1358 2812 1471 2873 comica
1482 2825 1512 2872 75

207 2912 238 2970 in
259 2919 392 2971 ueterum
413 2911 501 2972 cartis
522 2911 665 2972 retinetur
685 2931 842 2989 exponere.
1020 2910 1024 2917 ’
1529 2972 1535 2999 ¹

132 3013 184 3075 ΙΠ
290 3011 450 3074 Comoedia
480 3022 567 3074 uetus
599 3012 638 3074 ab
670 3013 752 3076 initio
781 3015 921 3076 chorus
954 3013 1012 3074 fuit
1038 3012 1241 3093 paulatimque
1273 3034 1469 3092 personarum

208 3134 330 3175 numero
352 3114 382 3174 in
406 3114 538 3194 quinque
559 3125 644 3176 actus
665 3117 819 3193 prooessit;
850 3117 893 3178 ita
913 3115 1058 3197 paulatim
1080 3115 1165 3176 uelut
1186 3117 1292 3184 attrito,
1307 3126 1397 3197 atque
1419 3138 1470 3178 ex·

205 3224 329 3277 tenuato
356 3215 446 3277 choro
473 3215 513 3276 ad
541 3237 652 3279 nouam
679 3218 859 3279 comoediam
885 3219 927 3280 sic
948 3219 1097 3300 peruenit,
1125 3227 1159 3279 ut
1179 3219 1212 3279 in
1233 3240 1270 3280 ee
1295 3239 1359 3280 non
1380 3204 1469 3281 modo

205 3339 269 3379 non
290 3317 449 3379 inducatur
469 3318 577 3381 chorus
599 3318 650 3381 sed
672 3340 711 3380 ne
731 3319 816 3382 locus
839 3320 958 3401 quidem
979 3321 1061 3382 rdlus
1084 3321 1142 3381 iam
1164 3321 1350 3401 relinquatur
1371 3320 1471 3384 choro.
1486 3336 1515 3385 8)

291 3608 324 3658 53
346 3608 373 3656 id
391 3608 460 3669 quod
478 3608 536 3671 ipsa
555 3604 608 3659 GV
672 3606 822 3658 ciuitatibus
839 3605 933 3660 AOV¹
1010 3611 1044 3660 54
1067 3609 1196 3659 extitisset
1212 3606 1248 3675 cf.
1265 3625 1291 3661 o.
1311 3609 1349 3660 65
1364 3611 1468 3660 iecisset

257 3695 291 3743 56
313 3708 345 3741 ne
363 3707 441 3755 qnam
458 3689 484 3742 A
570 3694 667 3743 crimen
753 3695 795 3744 56.
809 3696 841 3745 57
863 3694 1006 3757 iniami(a)e
1024 3700 1131 3757 poneret
1155 3692 1208 3747 GV
1284 3699 1316 3747 57
1340 3697 1394 3746 lata
1410 3696 1467 3760 lege

206 3778 302 3826 siluere
323 3773 358 3842 cf.
377 3774 481 3828 Horati
503 3778 556 3829 art.
576 3793 606 3844 p.
623 3777 685 3830 283
770 3780 813 3829 58.
827 3781 862 3830 60
883 3781 963 3829 satire
984 3779 1011 3830 et
1028 3780 1114 3828 satiris
1134 3777 1162 3843 0,
1190 3784 1222 3832 67
1241 3781 1348 3831 satiram
1364 3778 1418 3832 AG

207 3864 240 3912 58
258 3862 322 3910 locis
342 3858 397 3923 CV,
424 3863 495 3912 uocis
512 3861 539 3914 A
605 3868 639 3915 59
656 3865 803 3928 petulantes
863 3867 897 3915 66
914 3864 995 3927 igitur
1012 3860 1050 3913 A:
1077 3865 1175 3914 dicitur
1194 3863 1247 3919 GV
1299 3869 1331 3917 61
1350 3867 1406 3916 ioco
1423 3864 1468 3917 A:

206 3947 282 3996 modo
302 3944 354 3998 GV
408 3950 440 3998 62
458 3951 557 4000 multus
573 3947 600 3999 A
657 3951 690 4000 63
708 3949 812 3999 ciuibus
831 3946 883 4001 CV
930 3952 964 4000 64
982 3950 1144 4013 rescripsisse
1163 3939 1222 4002 GV'
1263 3953 1348 4014 primo
1368 3948 1421 4002 GV

151 4055 155 4061 ·
207 4034 240 4083 67
255 4045 354 4098 praeco
371 4046 423 4083 om.
440 4030 472 4083 itt
490 4032 540 4086 lac.
559 4032 612 4087 GV
664 4038 697 4086 68
716 4029 997 4103 reperiere-expuncto
1013 4032 1069 4099 10,
1099 4038 1274 4100 reperirentur
1291 4033 1317 4086 A
1368 4039 1403 4089 69
1420 4038 1468 4101 qni

95 4180 99 4185 Α
207 4130 260 4168 om.
280 4114 345 4167 0V¹
396 4121 542 4181 pertinetur
558 4118 585 4171 A
655 4123 688 4172 70
705 4121 793 4170 inultu
809 4118 836 4170 A
893 4121 1040 4170 dilectionis
1060 4117 1112 4170 GV
1178 4124 1208 4172 71
1228 4123 1372 4172 sententias
1389 4120 1416 4173 A

208 4204 240 4254 78
257 4202 339 4266 igitur
355 4200 395 4252 A:
422 4203 519 4253 dicitur
538 4201 590 4257 GV
643 4206 839 4255 celebrabantur
858 4201 911 4256 OV
972 4207 1290 4259 resolutoriorum
1307 4204 1346 4272 A,
1366 4221 1419 4258 om.
1437 4205 1469 4259 ia

207 4284 257 4338 lac.
277 4283 330 4339 CV
376 4287 425 4338 hae
494 4292 527 4341 76
544 4291 572 4339 in
590 4304 642 4341 om.
662 4286 715 4342 GV
780 4288 907 4340 earnisA
977 4292 1122 4341 retinentur
1138 4289 1175 4353 A,
1204 4293 1332 4344 rimentur
1351 4289 1380 4355 0,
1407 4309 1469 4344 eon·

206 4373 305 4421 tinetur
322 4368 353 4422 in
370 4387 425 4425 ras.
449 4370 489 4425 V²
576 4378 677 4427 77-78
695 4391 864 4440 personarum
880 4377 1059 4439 —paulatim
1077 4391 1129 4429 om.
1147 4375 1173 4428 A
1243 4381 1275 4430 78
1294 4379 1373 4428 atrito
1389 4377 1416 4430 A

206 4461 241 4510 86
259 4460 329 4508 iocus
346 4455 372 4508 A
