3164 4800
146 230 205 388 (ιβ
582 288 629 337 ου
647 287 828 366 corrosam
845 285 986 336 σειεσι

1010 390 1026 421 ε
1075 391 1078 397 ·
1247 422 1251 427 ,

154 456 242 526 ούτω
264 467 450 542 μετεποίησε
471 466 624 538 βίβλους·
646 467 715 524 τῶν
731 455 927 540 Ἐλληνίδων
950 467 982 527 δὲ
1003 428 1138 537 βίβλων,
1162 449 1277 530 ὡςκαὶ
1293 460 1417 532 προλα-

153 560 223 641 βῶν
246 563 337 645 ἐφην,
360 559 418 640 τὰς
439 558 593 643 τραγικὰς
613 564 673 638 μέν
688 557 856 643 διωρθωσε
878 563 925 629 δι’
943 557 1151 642 Ἀλεξάνδρον
1166 563 1226 619 τοῦ
1249 558 1417 633 Αἰτωλοῦ,

25 690 47 733 ε·
59 678 129 723 1181(
154 662 212 743 τάς
233 672 289 747 τῆς
310 669 493 742 κωμωιδίας
519 668 552 728 δέ
581 659 632 727 διὰ
661 670 723 729 τοῦ
743 661 974 750 Λυκόφρονος,
1005 662 1057 731 διὰ
1085 665 1119 728 δέ
1140 654 1326 742 Ζηνοδότου
1354 663 1417 722 τοῦ

156 765 300 847 Ἐφεσίου
322 763 381 843 τὰς
402 774 470 830 τῶν
492 772 620 831 λοιπῶν
636 772 791 847 ποιητῶν,
814 764 872 845 τὰς
888 765 1074 850 (Ομηρείους
1089 769 1122 830 δέ
1137 759 1216 827 κατ’
1238 760 1415 842 ἐξαίρετον,

154 866 219 953 πρὸ
247 874 421 933 διακοσίων
450 873 503 932 καί
526 863 689 932 πλειόνων
716 868 875 933 ἐνιαυτῶν
897 877 1102 948 Πτολεμαίου
1124 873 1185 932 τοῦ
1211 863 1456 940 Φιλαδέλφουῦί)

153 977 208 1037 καί
240 978 297 1052 τῆς
323 966 530 1053 διορθώσεως
557 964 742 1050 Ζηνοδότου
777 979 983 1050 συντεθείσας
1016 975 1153 1053 σπουδῆι
1181 959 1416 1047 Πεισιστράτου

154 1065 243 1150 παρὰ
264 1076 332 1133 τῶν
361 1066 527 1154 τεσσάρων
556 1066 686 1135 τούτων
716 1079 846 1153 σοφῶν,
871 1070 1104 1154 Ἐπικογκύλου
1127 1069 1357 1150 Ὀνομακρίτου
1382 1088 1416 1129 τε
1450 1075 1453 1079 ’

152 1168 320 1252 Ἀθηναίου
364 1169 526 1254 Ζωπύρου
570 1197 605 1236 τε
642 1170 866 1254 Ἦρακλεῶτου
909 1182 963 1241 καί
999 1169 1231 1258 Κροτωνιάτου
1270 1167 1415 1252 Ὀρφέως.

156 1278 207 1335 33.
235 1270 324 1339 ούτω
353 1277 412 1352 μέν
441 1276 475 1339 ἐν
499 1270 634 1356 χρόνοις
661 1283 723 1340 τοῦ
750 1274 982 1359 Πεισιστράτου
1010 1291 1081 1354 τοῖς
1108 1277 1256 1357 τέσσαρσι
1284 1268 1416 1348 τούτοις

156 1390 272 1454 σοφοῖς
294 1381 327 1440 at
343 1374 508 1459 Ὁμηρικοὶ
531 1384 714 1458 συγγραφαί
736 1385 897 1460 τεμαχίοις
918 1375 1167 1463 περιφερόμευαι
1196 1378 1456 1457 συνετέθηοανδῦ

154 1483 209 1541 καί
230 1484 338 1556 βίβλοι
361 1480 529 1559 ἐγένοντο·
548 1476 681 1561 χρόνοις
703 1479 748 1562 δ’,
772 1478 818 1558 ὡς
833 1482 924 1564 ἐφηυ,
947 1489 1008 1547 τοῦ
1026 1482 1230 1559 Φιλαδέλφου
1246 1474 1334 1560 παρὰ
1354 1483 1416 1542 τοῦ

59 1660 64 1667 ¹
155 1577 340 1662 Ζηνοδότου
368 1577 586 1663 ῶρθιόθησαν.
624 1581 703 1659 μετὰ
732 1588 765 1647 δέ
786 1581 972 1665 Ζηνόδοτον
990 1578 1195 1665 Άριστάρχωι
1223 1576 1325 1645 πάλιν
1354 1577 1417 1658 ω’ρ-

60 1662 84 1715 ³⁶
154 1679 313 1765 θοόθησαν
334 1679 490 1764 τετάρτωι
512 1678 531 1764 ἢ
555 1680 580 1745 ε’
602 1682 668 1749 α’πὸ
690 1683 876 1767 Ζηνοδότου
890 1655 1082 1774 veteriores
1094 1689 1146 1746 34.
1169 1680 1231 1747 κᾶν
1253 1679 1272 1746 ὃ
1295 1704 1418 1762 πεφυρ-

154 1787 253 1862 μένος
274 1792 328 1850 καί
350 1782 506 1867 βδελυρὸς
525 1777 725 1870 Ἡλιόδωρος
747 1786 809 1852 ούκ
838 1786 929 1865 εἰδὼς
958 1785 978 1852 δ’
1005 1812 1036 1851 τι
1063 1794 1156 1868 ληρεῖ
1181 1781 1280 1867 φύρηι
1309 1779 1417 1848 πάντα

156 1893 210 1951 καί
232 1882 411 1965 σύμμικτον
433 1895 583 1952 κυκεῶνα
603 1896 731 1965 μᾶλλον
755 1894 788 1954 δέ
803 1899 976 1971 κοπρεῶυα
990 1896 1089 1970 ποιῆι,
1112 1889 1164 1952 ἐπί
1185 1880 1457 1967 Πεισιστράτουίσ

155 1985 215 2053 τὸν
232 1985 377 2071 Ὅμηρον
401 1997 594 2071 συντεθῆναι
610 1996 664 2054 καί
687 1990 879 2072 ὀρθωθῆναι
894 1999 1005 2073 ληρῶν
1021 1986 1109 2072 παρὰ
1130 1996 1198 2053 τῶν
1214 1983 1275 2067 οβ’,
1298 1988 1418 2069 ἐπικρι-

155 2098 253 2172 θῆναι
281 2094 314 2154 δέ
343 2088 478 2157 πάντων
508 2089 568 2174 τὴν
590 2091 776 2174 Ζηνοδότου
806 2099 859 2158 καί
886 2089 1088 2176 Ἀριστάρχου
1110 2088 1272 2156 ·’σύνθεσίν
1300 2113 1336 2153 τε
1363 2093 1417 2153 καί

157 2188 345 2273 διόρθωσιν,
368 2200 422 2257 καί
444 2192 528 2281 ἡμᾶς
550 2195 595 2258 ἐτι
618 2191 794 2276 νεάζοντας
808 2203 862 2260 καί
877 2193 1030 2277 πρώτους
1049 2190 1218 2276 ύπηνητας
1240 2198 1418 2267 τελοῦντας

158 2296 280 2359 ἐπεισεν
302 2292 410 2373 οὕτως
432 2300 531 2360 εἰπεῖν
554 2297 789 2377 ἐξηγουμένους
810 2295 870 2362 τὸν
887 2293 1035 2381 (Όμηρον,
1059 2293 1104 2373 ὡς
1131 2300 1185 2359 καί
1208 2295 1312 2375 έτεροί
1332 2317 1418 2370 τινες

157 2394 279 2477 κομψὸι
301 2404 355 2462 καί
378 2393 633 2480 αίθεροβάμουες
643 2411 653 2425 ·’
671 2398 722 2475 οἷς
737 2394 789 2464 ἂν
800 2406 853 2464 καί
867 2403 957 2481 μέχρι
971 2408 1047 2477 μιᾶς
1061 2401 1177 2477 λέξεως
1193 2396 1418 2475 ἀβασανίστως
1429 2405 1460 2454 43

158 2500 309 2581 ἐπείσθην
331 2505 385 2564 καί
406 2496 448 2580 μὴ
471 2499 506 2562 ἐκ
527 2507 589 2563 τοῦ
611 2503 758 2576 κειμένου
781 2510 837 2584 τῆς
852 2509 991 2579 παλαιᾶς
1004 2507 1122 2579 βίβλου
1144 2496 1182 2563 τὸ
1198 2497 1317 2580 ἀληθές
1338 2495 1418 2579 α’πη·

67 2649 73 2656 -
158 2607 312 2682 κρίβωσα,
336 2598 413 2665 κατ’
442 2602 585 2678 ἐκείνους
614 2610 813 2685 παραληρῶν
842 2600 1036 2685 ἐφαινόμην·
1065 2599 1145 2666 ἀλλ’
1172 2597 1260 2680 ἅπαξ
1287 2606 1341 2688 καί
1369 2604 1418 2676 δίς

157 2711 257 2769 τοῦτο
287 2700 405 2769 παθὼν
442 2710 502 2767 τῶι
537 2699 685 2784 νεάζοντι
723 2702 805 2789 [τῶι]
838 2701 951 2769 ιπάθει
979 2701 1086 2781 μάθος
1121 2700 1256 2785 ἐθέμην’
1286 2702 1416 2778 (Aesoh.

157 2805 216 2883 Ag.
236 2805 318 2882 177).
320 2776 360 2896 s
364 2810 414 2866 35.
437 2811 491 2869 καί
513 2803 651 2882 τούτους
671 2809 730 2883 μέν
752 2803 869 2889 ἥγημαι
890 2804 1040 2886 κομψούς
1062 2811 1238 2888 αίθερίους,
1261 2801 1360 2882 αύτὸς
1383 2801 1417 2868 δ’

158 2909 192 2972 έκ
214 2914 282 2971 τῶν
304 2908 460 2983 κειμένων
483 2905 613 2972 οἷνθέων
635 2916 703 2972 τῶν
724 2915 849 2986 βίβλων
873 2903 979 2989 ὥσπερ
1002 2933 1051 2986 τις
1076 2906 1225 2986 (μέλισσα
1248 2903 1416 2990 φιλεργὸς’
1431 2916 1461 2965 50

159 3006 258 3074 όποῖα
280 3013 438 3090 δυναίμην
462 3015 677 3089 σιμβλοποιῶ,
701 3011 790 3087 οίμαι
811 3015 844 3076 δέ
866 3016 920 3074 καί
948 3019 1007 3076 τῶι
1034 3014 1136 3088 μέλιτι
1166 3006 1311 3086 πολλοὺς
1340 3012 1419 3072 διεκ-

158 3114 285 3193 τρέφω·
308 3109 369 3175 κᾶν
391 3117 484 3187 μυῖαί
505 3135 590 3190 τινες
612 3117 782 3193 δυσγενεῖς,
806 3111 851 3190 ὡς
874 3110 948 3177 οῦδὲ
963 3121 1022 3178 τῶι
1043 3112 1184 3179 Ἀττικῶι
1207 3110 1282 3186 ούδέ
1297 3107 1419 3176 τούτωι

158 3216 262 3296 ίζῆσαι
285 3209 476 3292 δυνάμεναι,
506 3209 594 3291 ὅμως
615 3211 723 3297 λάθρα
747 3209 809 3279 σύν
835 3212 1035 3299 ὁμοτρόποις
1060 3211 1302 3298 περιιπτάμεναι
1332 3237 1420 3295 περι-

59 3370 62 3377 ,
157 3322 339 3394 βομβοῦσιυ
362 3311 548 3396 οἷνήκουστά
570 3340 604 3380 τε
625 3322 678 3380 καί
701 3314 872 3399 παράληρα
894 3352 936 3363 -
959 3316 1042 3384 α’λλά
1069 3342 1125 3396 μοι
1153 3314 1254 3397 τόσον
1281 3312 1420 3399 (aare)

159 3415 353 3501 τροχάσαντι
376 3415 579 3499 άναληπτέου
601 3415 700 3482 πάλιν
722 3417 907 3500 τοῦλόγου
929 3418 970 3485 τὰ
991 3428 1109 3503 καίρια.
1429 3429 1461 3479 55

227 3692 260 3741 32
279 3706 304 3740 v.
321 3690 354 3739 sd
373 3688 420 3738 Pb
439 3685 455 3754 ἦ
472 3689 505 3739 22
558 3689 653 3751 39sqq.
672 3688 751 3738 schol.
764 3690 849 3741 Plaut.
862 3692 911 3742 sia:
928 3689 1095 3744 Heliodorus
1106 3689 1195 3743 malta
1207 3688 1288 3743 aliter
1297 3690 1420 3758 remeatur

160 3788 228 3839 qaae
251 3771 328 3841 ίοιιφο
352 3771 468 3826 οσιιυίῶο
491 3769 576 3825 aerias
597 3768 776 3839 reprehendit
810 3789 877 3827 ram
894 3773 928 3828 ot.
946 3774 1071 3828 LXXII
1086 3774 1191 3829 duabus
1213 3771 1297 3827 doctis
1314 3771 1384 3826 atris
1401 3789 1420 3826 a

156 3855 299 3925 pisistrato
317 3855 379 3911 ίιιιίο
396 3856 501 3926 ιιιφσίίο
514 3855 683 3925 praeposita
700 3856 768 3911 atat
783 3856 923 3912 homerum
939 3858 982 3913 ita
992 3859 1079 3928 faisse
1097 3858 1281 3929 compositam,
1301 3855 1348 3925 qm'
1360 3855 1419 3925 qai·

125 4009 129 4016 ,
159 3941 221 3995 dem
245 3940 369 3995 zeaodoti
395 3943 422 3995 et
446 3940 592 3996 aristarchi
618 3941 758 3996 iactastm'a
784 3943 909 3998 omm'tms
930 3945 1089 4011 praelatam
1110 3941 1318 4013 comprobariat,
1348 3941 1420 4010 qaod

159 4028 265 4081 coastat
284 4024 371 4094 faisse
392 4025 583 4094 falsissimam.
619 4026 718 4097 quippe
733 4044 794 4082 eam
811 4027 883 4082 irater
901 4027 1077 4096 pisistratum
1094 4030 1122 4082 et
1136 4028 1297 4083 eeaodotam
1313 4026 1422 4096 fremat

160 4110 229 4166 aam'
251 4127 338 4180 sopra
360 4111 498 4179 dmeatos,
526 4111 694 4166 aristarchos
716 4115 808 4167 aatem
835 4114 964 4181 qaattaor
986 4114 1069 4168 aam's
1092 4114 1184 4169 mmor
1204 4112 1292 4182 faerit
1310 4112 1370 4182 ipso
1394 4115 1422 4166 et

159 4195 288 4251 zenodoto
307 4199 387 4264 atque
401 4196 553 4265 ptolemaeo
605 4202 646 4251 39.
656 4203 690 4252 40
709 4203 803 4251 πάντα
820 4203 866 4250 καί
883 4200 987 4264 scripsi:
1006 4205 1051 4251 καί
1069 4204 1163 4253 πάντα
1180 4203 1205 4251 A
1256 4202 1290 4252 46
1308 4194 1420 4265 βιβλίον

160 4289 183 4335 Α
239 4286 273 4336 48
298 4284 383 4334 τοῦτὸ
400 4283 462 4334 Keil
537 4285 570 4336 50
592 4279 706 4349 μέλισσα
725 4279 850 4354 φιλεργία
868 4285 1008 4349 Gregorius
1026 4275 1263 4341 Nazianz.',dixisse
1285 4287 1369 4336 fertur
1391 4285 1420 4334 in

76 4408 80 4418 .
160 4371 291 4421 Thesauro
309 4370 328 4420 l.
345 4385 384 4434 gr.
472 4369 505 4421 52
525 4363 661 4438 δυσγενεῖς
677 4368 714 4419 A¹
732 4385 796 4420 ποτε.
814 4386 848 4420 ex
867 4366 1008 4436 δυσμενειε
1024 4377 1055 4422 ut
1072 4372 1178 4424 videtur
1253 4372 1294 4422 52.
1305 4373 1337 4422 53
1360 4371 1420 4421 fort.

160 4450 245 4520 [otte]
264 4458 367 4506 τοῦτωι
386 4453 466 4519 ζῆσαι
485 4448 637 4505 δυνάμεναι
722 4458 763 4507 54.
774 4457 806 4506 56
826 4457 1082 4524 παρατροχάσσντι,
1100 4459 1132 4507 ef.
1150 4457 1198 4506 Ma
1216 4455 1232 4522 ξ
1250 4460 1265 4508 5
