3164 4800
554 947 875 1015 ΣΩΦΡΟΝΟΣ
910 949 1075 1016 ΜΙΜΟΙ

679 1119 693 1173 Ι
720 1122 945 1178 ΓΥΝΔΙΚΕΙΟΙ

704 1266 932 1327 ΑΚΕΣΤΡΙΑΙ

653 1382 669 1441 1
694 1382 747 1450 (28
769 1380 844 1443 Ahr.
884 1384 899 1442 1
923 1381 980 1457 Βο)

274 1496 317 1549 Et.
335 1494 447 1563 genuin.
470 1495 524 1561 (Εα
542 1495 578 1548 Μ.
597 1500 655 1562 573,
668 1501 710 1563 54)
732 1494 920 1570 μακάρτατος
937 1536 964 1552 ..
981 1495 1129 1567 μεμπτέον
1151 1493 1300 1571 Σώφρονα
1323 1497 1452 1571 λέγοντα

491 1597 685 1684 φιορτάτους
707 1599 755 1666 αἐλ
776 1599 945 1684 καπήλους
966 1606 1142 1686 παρέχεται.

189 1716 265 1773 Suid.
288 1715 417 1790 κάπηλος
439 1725 468 1772 et
488 1717 585 1773 melius
607 1717 703 1774 eadem
727 1718 816 1775 Cram.
838 1721 895 1775 An.
919 1719 968 1776 Ox.
986 1720 1014 1774 11
1034 1723 1122 1786 456‚2
1145 1716 1249 1792 ἕτερόν
1270 1720 1350 1778 ἐστιν
1371 1721 1452 1779 οἰνο-

191 1800 288 1874 πώλας
302 1806 352 1861 καὶ
369 1799 473 1874 ἕτερον
488 1799 631 1876 κάπηλος
649 1797 850 1878 καθόλουγὰρ
861 1801 1110 1872 τούςπιολοῦντάς
1127 1826 1154 1864 τι
1171 1801 1316 1878 καπήλους
1334 1801 1449 1880 ἔλεγον.

191 1883 252 1946 ἐστι
269 1883 326 1959 γὰρ
343 1892 392 1945 καὶ
409 1883 489 1960 παρὰ
508 1885 647 1960 Σώφρονι
664 1887 698 1947 ἐν
714 1897 778 1956 ταῖς
792 1887 974 1963 Ἀκεστρέαις.

276 1969 465 2046 φοροτάτους
481 1973 532 2028 Et:
550 1990 618 2029 οοπ.
635 1973 792 2030 Blomfield.

639 2131 990 2210 mmmmm

562 2245 661 2317 άκουε
683 2260 746 2316 νῦν
768 2258 822 2317 καὶ
844 2254 928 2334 ἐμεῦ,
944 2249 1065 2333 Ῥόγκα.

192 2444 242 2505 2'
277 2363 374 2433 Apoll.
393 2365 427 2420 de
445 2383 523 2435 pron.
539 2385 567 2437 p.
581 2371 637 2423 820
663 2364 742 2436 ἐμεῦ·
769 2368 850 2441 κοινὴ
874 2361 976 2426 Ἰώνοιν
997 2372 1047 2426 καὶ
1066 2367 1209 2440 Δωριέων.
1243 2361 1342 2425 ’άκουε
1360 2361 1451 2424 ..Ῥέ

219 2469 375 2606 ωφῗάέμκα
394 2536 461 2591 eod:
478 2551 546 2592 οοιτ.
557 2537 752 2592 Wilamowitz.
781 2539 912 2611 Hesychii
924 2538 1018 2609 glossa
1031 2545 1104 2605 (ante
1116 2510 1244 2611 ρογκιῆν)
1262 2533 1364 2613 boyla·
1384 2528 1451 2594 άκέ·

192 2640 276 2692 στρια
293 2620 411 2677 fortasse
428 2621 468 2676 sic
484 2621 656 2677 emendanda
669 2618 787 2694 Ῥόγκα·
814 2621 986 2696 (Σώφρων)
1005 2619 1186 2695 Ἄκεσιρλαις.

351 2786 422 2844 m
439 2787 648 2846 ΓῩΝΑΙΚΕΣ
668 2787 718 2845 AI
738 2787 824 2847 TAN
843 2789 958 2847 θΕΟΝ
978 2790 1111 2848 ΦΑΝΤΙ
1126 2781 1297 2858 ΕΞΕΛΑΝ

276 2894 410 2964 Apollon.
428 2894 464 2950 de
481 2895 546 2951 adv.
562 2913 590 2966 p.
604 2900 689 2962 592,s
713 2894 747 2954 τὸ
766 2894 823 2971 γάρ
842 2896 870 2954 οὶ
893 2899 939 2954 τοί
955 2918 1026 2969 φασι
1044 2902 1165 2970 Δωριεῖς
1185 2900 1235 2954 καὶ
1252 2890 1287 2953 τὸ
1307 2893 1337 2953 αἱ
1354 2897 1404 2952 ταί
1422 2935 1450 2949 ..
1532 2896 1539 2911 ’

195 2979 269 3053 λέγω
286 2979 316 3037 δὲ
335 2971 385 3039 ὅτε
402 2976 477 3039 κατὰ
495 2982 691 3056 προτακτικὴν
708 2981 791 3040 θέσιν
807 2979 868 3039 ἐστὶ
885 2981 920 3039 τὸ
939 2979 1067 3055 ἄρθρον·
1085 2981 1148 3042 ἐπεὶ
1167 2972 1217 3041 ὅτε
1234 2977 1358 3054 γεκαθ’
1377 2974 1450 3038 ὕπό·

195 3068 276 3133 ταξίν
291 3067 366 3134 ἐστι,
390 3065 425 3124 τὸ
443 3069 470 3125 ’τ’
487 3061 522 3125 οὐ
539 3064 655 3134 πάντως
678 3066 887 3140 προστιθέασιν
904 3106 932 3122 ..
951 3059 1024 3126 ὅθεν
1041 3060 1106 3125 οὗθ’
1124 3066 1306 3138 ἐπίμεμπτον
1327 3060 1385 3123 ‘val
1400 3085 1449 3137 yv-

195 3159 290 3217 ναῖκες
308 3150 338 3208 αἳ
355 3173 410 3210 ταν
427 3147 500 3210 θεόν
517 3172 603 3223 φαντι
620 3148 741 3220 ἐξελάν’.
769 3159 812 3208 est
828 3161 919 3208 autem
936 3150 1096 3220 ἐξελαύνειν
1114 3154 1132 3208 i.
1145 3169 1172 3224 q.
1189 3150 1289 3219 ἐξιέναι
1308 3167 1331 3204 ο
1342 3147 1451 3221 ἐξέχειν

194 3245 296 3302 ποιεῖν,
314 3237 366 3293 dea
377 3237 516 3293 Lunaest.
546 3254 580 3293 ex
591 3237 645 3294 hoc
656 3237 740 3292 mimo
752 3236 889 3295 Theocriti
901 3238 1137 3295 Pharmaoeuttiae
1155 3253 1312 3306 expressum
1331 3251 1449 3300 cannen,

194 3321 368 3377 dmm&

667 3445 854 3523 3(33Ahr.
884 3446 975 3522 2130)

280 3561 385 3616 Athen.
403 3560 445 3615 XI
462 3559 540 3616 480b
564 3562 681 3626 κυαθίς·
704 3565 865 3629 κοτυλῶδες
882 3559 1008 3634 ἀγγεῖον.
1045 3564 1078 3616 Σ.
1096 3557 1129 3617 ἐν
1146 3562 1197 3616 τώι
1214 3556 1448 3632 ἐπιγραφομένωι

195 3646 285 3714 μλμιοι
302 3649 443 3712 Γυναῖκες
459 3643 489 3702 αἳ
506 3643 561 3704 τάν
577 3641 651 3703 θεόν
667 3666 754 3717 φαντι
770 3643 869 3714 ἐξελᾶν
885 3642 994 3714 (ἐλεξαν
1010 3645 1071 3711 cod)

324 3748 595 3834 ὑποκατώρυκται
616 3755 649 3816 δέ
671 3752 706 3816 ἐν
728 3757 859 3817 κυαθίδι
880 3748 1010 3836 τρικτὺς
1032 3746 1312 3834 άλεξιφαρμάκανν.

263 3886 373 3939 τρικτοι
391 3867 434 3921 A:
452 3883 520 3923 corr.
538 3867 696 3939 Schweigh,
718 3867 753 3924 cf.
771 3867 926 3938 Epicharmi
943 3866 976 3922 fr.
990 3870 1047 3922 187.

807 4046 828 4105 4

283 4157 373 4213 Schol.
384 4156 498 4212 Theocr.
511 4158 539 4212 11
550 4163 583 4214 λθ
602 4154 708 4225 ταύτας
722 4153 779 4232 γάρ
792 4159 819 4225 (i.
831 4174 855 4213 e.
867 4150 919 4230 τὴν
931 4153 1059 4229 Σελήνην
1075 4158 1123 4213 καὶ
1141 4156 1193 4225 τὴν
1208 4145 1335 4227 Ἑκάτην)
1354 4173 1450 4223 συνερ-

196 4240 267 4317 φούς
284 4243 324 4309 εἰς
343 4242 379 4302 τὰ
398 4247 464 4315 περὶ
482 4247 535 4302 τοῦ
549 4241 698 4316 ἐρωμένου
715 4241 855 4318 φάρμακα
872 4237 1103 4316 παραλαμβάνει.
1139 4239 1200 4312 τὴν
1220 4241 1254 4298 δέ
1276 4243 1323 4296 τώ
1328 4259 1345 4294 ν
1361 4258 1451 4310 φαρ-

195 4324 316 4398 μάκων
331 4323 513 4388 ὑπόθεσιν
530 4327 592 4394 (hbe
603 4346 665 4386 voc.
677 4329 706 4384 in
717 4329 813 4385 lacuna
823 4327 973 4398 perexigua
987 4343 1041 4382 om.
1053 4325 1153 4391 Ambr)
1171 4323 1205 4382 ἐκ
1216 4328 1276 4382 τών
1287 4319 1452 4395 Σώφρονος

195 4411 387 4488 λεάφορλοννος
403 4413 488 4469 codd:
506 4430 575 4470 corr.
592 4413 693 4480 Adert)
716 4415 814 4484 μίμων
835 4412 999 4485 μεταφέρει.
1034 4410 1176 4481 corrigunt
1198 4413 1258 4467 τών
1283 4413 1451 4480 Φαρμακευ-
