3164 4800
603 281 650 329 DE
667 278 846 330 COMOEDIA
864 277 1004 328 GRAECA

315 458 490 517 ΜΑΙΣΩΝ

261 575 289 634 7.
310 570 423 632 Athen.
446 569 529 632 XIV
552 571 648 632 osea
670 564 861 649 Χρύσιππος
889 567 924 634 d’
953 567 970 632 ό
1001 565 1184 648 φιλόσοφος
1205 562 1264 630 τὸν
1285 572 1433 643 μαίσωνα

127 718 128 722 =
174 669 237 737 α’πό
272 680 333 738 τοῦ
365 679 530 749 μασᾶσθαι
563 671 663 736 οἴεται
697 678 884 752 κεκλῆσθαι,
922 670 997 737 οἷον
1032 667 1091 735 τὸν
1124 667 1235 749 άμαθῆ
1266 674 1320 733 καὶ
1352 667 1434 750 πρὸς

179 776 315 856 γαστέρα
339 770 523 853 νενευκότα,
555 771 687 852 άγνοων
709 769 761 837 ότι
781 779 920 838 Μαίσων
943 775 1073 853 γέγονεν
1095 775 1280 848 κωμωιδίας
1302 767 1435 854 υποκρι-

174 873 230 958 τίγς
252 873 418 957 Μεγαρεὺς
446 872 482 939 τό
514 877 622 955 γένος,
657 871 695 952 ὃς
721 871 834 940 καὶτὸ
858 888 1068 957 προσωπεῖον
1091 868 1163 956 εὗρε
1185 869 1221 938 τό
1246 871 1308 937 ἄπ’
1330 871 1434 939 αὐτοῦ

175 975 381 1055 καλούμενον
409 982 556 1056 Μαίσων,
591 973 636 1054 ’ὡς
665 972 892 1059 Ἀριστοφάνης
925 982 1023 1058 φησίν
1056 973 1073 1039 ὃ
1100 972 1279 1056 Βυζάντιος
1313 976 1348 1040 ἐν
1375 984 1435 1040 voit

177 1086 254 1163 Περὶ
276 1077 476 1162 προσώπων,
500 1075 607 1160 εὑρεῖν
631 1075 735 1143 αὐτὸν
758 1075 894 1158 φάσκων
916 1074 1022 1142 καὶτὸ
1039 1073 1320 1158 τοῦθεράποντος
1337 1075 1435 1160 πρόσ·
1478 1141 1481 1148 ,

177 1177 271 1248 ωπον
300 1178 412 1246 καὶτὸ
436 1187 498 1244 τοῦ
519 1187 684 1262 μαγείρου.
732 1187 786 1245 καί
809 1177 943 1258 εἰκότως
971 1185 1025 1244 καὶ
1053 1177 1093 1244 τὰ
1115 1175 1246 1258 τούτοις
1268 1183 1435 1263 πρέποντα

176 1283 352 1363 σκώμματα
375 1291 518 1348 καλεῖται
538 1279 741 1373 Μαισωνικά.
759 1335 766 1350 .
784 1334 792 1349 .
809 1279 870 1347 τόν
893 1285 925 1347 δὲ
948 1288 1105 1348 Μαίσωνα
1127 1284 1286 1359 Πολέμων
1308 1283 1342 1346 έν
1364 1296 1435 1358 τοῖς

175 1385 264 1471 Πρὸς
290 1393 423 1463 Τίμαιον
452 1384 486 1448 ἐκ
509 1391 577 1448 τῶν
599 1386 634 1450 έν
655 1392 800 1451 Σικελίαι
824 1391 922 1466 φησίν
951 1385 1032 1449 εἶναι
1053 1379 1214 1465 Μεγάρων
1239 1389 1294 1447 καί
1316 1381 1378 1448 ου’κ
1400 1386 1434 1448 ἐκ

175 1498 243 1554 των
257 1495 410 1554 Νισαίων.
443 1485 482 1549 ci.
497 1485 633 1568 Hesych.
647 1494 822 1553 Μαίσωνα·
842 1484 1005 1569 μάγειρον.
1049 1483 1142 1550 ἄλλοι
1157 1483 1271 1568 βορόν,
1294 1483 1359 1550 α’πὸ
1374 1486 1435 1551 τοῦ

174 1597 349 1668 μασᾶσθαι.
390 1589 504 1651 Athen.
526 1589 585 1652 1.ε.
607 1585 748 1655 ἐκάλουν
771 1593 803 1655 ol
825 1595 957 1654 παλαιοί
980 1585 1119 1666 τὸνμὲν
1142 1585 1309 1653 πολιτικόν
1329 1584 1436 1668 μάγει·

176 1718 237 1775 ρον
258 1699 417 1772 μαίσωνα,
440 1688 499 1755 τὸν
522 1688 557 1756 δ’
573 1686 725 1756 ἐκτόπιον
747 1694 872 1772 τέττιγα
888 1691 1033 1773 (Hesych.
1049 1712 1073 1754 s.
1088 1692 1214 1769 τέττιξ).
1250 1699 1328 1751 recte
1343 1689 1436 1771 chry-

177 1796 291 1876 sippus,
312 1815 368 1855 nec
389 1793 428 1856 ab
450 1793 596 1855 Maesone
618 1813 728 1856 nomen
749 1794 862 1875 aceepit
882 1813 1020 1875 persona,
1042 1791 1094 1854 sed
1114 1799 1241 1870 μαίσων
1261 1792 1279 1854 i.
1297 1813 1326 1872 q.
1348 1790 1436 1852 Man-

178 1898 273 1959 ducus
292 1907 338 1958 est
352 1896 510 1976 (Dieterich
525 1894 641 1959 Pulein.
656 1916 686 1977 p.
703 1895 765 1973 87),
788 1916 843 1958 nec
863 1895 961 1957 differt
983 1893 1110 1956 multum
1131 1893 1170 1956 ab
1184 1893 1330 1969 Mattone‚
1352 1893 1436 1955 cuius

176 1999 299 2062 heroum
321 1997 402 2079 apud
417 1997 582 2079 Spartanos
601 1996 693 2059 fuisse
706 1997 830 2060 Polemo
844 2005 970 2059 testatur
984 1995 1106 2074 (Athen.
1122 1996 1244 2059 11390.
1261 1997 1311 2059 IV
1328 1995 1435 2072 1731).

177 2101 278 2162 omitto
300 2099 466 2162 Philodemi
488 2099 520 2159 in
540 2097 705 2161 Rhetoricis
727 2098 820 2162 verba
838 2099 856 2160 Ι
878 2102 949 2173 189,
967 2098 1121 2174 resudh,
1143 2118 1220 2180 quae
1241 2099 1282 2160 sic
1304 2107 1338 2160 ut
1359 2098 1437 2159 edita

178 2213 253 2265 sunt
274 2201 406 2282 intellegi
426 2209 589 2281 nequeunt
626 2200 664 2262 de
678 2200 830 2263 Maesonis
852 2201 904 2282 qui
925 2200 1075 2263 ferebatur
1090 2201 1236 2263 versiculo
1259 2199 1335 2265 ἄντ’
1350 2199 1436 2281 εάερ-

165 2311 284 2386 ,γεσίης
302 2303 517 2383 Ἀγαμέμνονα
539 2306 640 2384 δῆσαν
659 2301 775 2384 Ἀχαιοί
796 2301 835 2365 ci.
850 2303 972 2366 Orusius
988 2302 1097 2366 Philol.
1113 2303 1212 2383 suppl.
1226 2303 1286 2366 vol.
1298 2303 1348 2366 VI
1363 2305 1434 2364 275.

178 2416 306 2469 ceterum
324 2408 431 2484 Τέττιξ
452 2403 502 2464 ille
517 2403 603 2464 aliter
616 2405 782 2486 explicatur
799 2404 880 2486 apud
895 2404 987 2468 Clem.
1001 2405 1092 2470 Alex.
1108 2406 1203 2469 Protr.
1220 2407 1238 2466 I
1254 2409 1287 2467 1:
1305 2401 1436 2486 Ἕλλησι

178 2507 213 2573 d’
229 2503 330 2572 ἐδόκει
353 2502 531 2588 ὑποκριτὴς
553 2509 718 2585 γεγονέναι
740 2514 906 2588 μουσικῆς.
944 2507 1029 2568 aliter
1042 2509 1137 2581 etiam,
1160 2529 1216 2570 nec
1231 2518 1307 2569 recte
1322 2506 1435 2587 opinor,

178 2609 328 2672 Dieterich
349 2608 368 2671 l.
385 2630 407 2670 s.
429 2629 459 2689 p.
474 2612 524 2672 39.
1381 2592 1383 2596 Ι

324 2802 494 2879 reinna
510 2795 735 2874 (νοινΝοΣ)

265 2918 293 2978 8.
321 2915 421 2996 Etym.
444 2915 563 2994 genuin.
595 2911 771 2980 Τοίόνιον·
803 2912 841 2980 τὸ
870 2911 1074 2993 καλούμενον
1096 2923 1288 2998 Κρατίνειον
1314 2918 1433 2998 μέτρον

179 3014 438 3083 πολυσόνθετον.
477 3024 620 3083 καλεῖται
647 3023 701 3082 καὶ
727 3014 884 3084 Τολόνιου
907 3014 971 3082 α’πὸ
996 3026 1056 3082 τοῦ
1077 3021 1249 3100 Μεγαρέως
1275 3014 1438 3084 Τολόνου·

180 3122 245 3184 ἐστὶ
268 3123 300 3184 δὲ
323 3121 574 3201 προγενέστερος
595 3127 768 3201 Κρατίνου.
814 3119 865 3181 ubi
891 3117 1078 3202 Τελλήνειον
1100 3120 1292 3201 probabiliter
1313 3121 1439 3205 correxit

179 3220 357 3286 Meinekius.
397 3220 521 3302 quodsi
540 3241 644 3283 verum
666 3232 718 3297 est,
741 3242 797 3284 nec
818 3222 948 3284 comicus
970 3220 1027 3283 fuit
1048 3230 1137 3302 poeta
1157 3243 1213 3284 nec
1228 3223 1350 3286 Cratino
1365 3224 1439 3284 anti·

180 3324 274 3404 quior.
308 3325 426 3405 Τέλλην
440 3322 520 3384 enim
534 3323 635 3385 tibicin
650 3323 708 3385 fuit
722 3324 950 3405 Epaminondae
964 3323 1096 3405 aequalis
1112 3324 1203 3404 (Plut
1213 3324 1435 3407 Apophthegnn

179 3425 286 3507 Epam.
310 3427 350 3488 20
378 3446 408 3506 p.
432 3427 493 3488 193
506 3424 544 3500 i),
576 3425 607 3486 in
637 3446 725 3506 quem
757 3425 906 3489 distichon
935 3426 1050 3506 scripsit
1077 3426 1228 3488 Leonidas
1256 3427 1437 3489 Tarentinus

180 3527 231 3606 (A.
245 3528 280 3590 P.
300 3527 367 3590 VH
391 3531 473 3604 719),
496 3526 554 3592 τὸν
577 3535 704 3609 πρᾶτον
726 3524 847 3608 γνόντα
869 3536 1086 3607 γελοιομελεῖν
1106 3529 1124 3590 i.
1140 3550 1163 3591 e.
1186 3528 1324 3591 tibiarum
1345 3539 1437 3592 cantu

178 3650 267 3693 voces
295 3629 408 3691 alienae
436 3629 557 3691 ridicule
585 3629 697 3692 imitari.
725 3630 856 3691 carmina
876 3630 939 3692 eius
961 3641 1162 3693 memorantur
1183 3631 1293 3693 Zenob.
1315 3630 1397 3712 vulg.
1419 3631 1437 3692 I

179 3735 229 3794 45.
252 3731 342 3794 1115
367 3732 531 3813 (μέμνηται
554 3730 657 3796 αὐτοῦ
671 3733 864 3812 Δικαίαρχος
886 3729 1121 3814 ὃΜεασήνιος).
1157 3731 1196 3795 ci.
1217 3732 1436 3796 vWilamowitz

180 3832 621 3915 Ind.lect.Gryph.1880s81
645 3854 675 3915 p.
691 3837 720 3897 8.
755 3853 867 3896 nornen
889 3843 987 3895 autem
1013 3831 1155 3912 Τόίυνος
1176 3835 1254 3896 male
1275 3834 1377 3898 fictum
1398 3856 1437 3896 ex

182 3933 331 3998 vocabulo
357 3933 540 4017 Τοίόνειον,
564 3935 620 3998 hoc
642 3956 713 4000 vero
735 3946 906 4016 corruptum
927 3956 966 3996 ex
991 3932 1184 4018 Τελλήνειον.

167 4113 169 4118 .
265 4035 303 4097 de
325 4036 487 4100 Susarione
508 4059 537 4101 v.
561 4037 641 4099 infra
661 4058 726 4119 cap.
740 4038 814 4102 XV.
