3164 4800
729 282 929 339 PHLYAGES

750 515 904 575 ΣΙΔΦΑΙ

284 615 382 665 suntne
399 609 502 665 blattae
518 603 721 681 χαρτοφάγοιί

805 783 845 844 18

283 897 388 954 Athen.
406 898 448 954 III
467 895 539 952 101b
562 896 598 951 de
619 895 706 951 vulva
728 911 799 966 qnae
820 892 946 968 ἐκβολὰς
968 895 1069 952 dieitur
1089 900 1128 963 (v.
1145 894 1179 950 fr.
1197 899 1222 950 8.
1239 898 1295 962 ab:
1323 898 1358 954 Σ.
1377 890 1406 953 δ’
1431 895 1467 954 ἐν

202 985 325 1056 Σίλφαις
465 1049 586 1135 μήτρας
607 1049 697 1130 ὑείας
718 1049 824 1132 ἑφθὸν
853 1049 899 1130 ὡς
921 1051 1038 1135 φάγηις
1059 1050 1173 1133 τόμον,

468 1160 612 1237 δριμεῖαν
634 1151 735 1220 (ὀδών
757 1169 928 1237 πηγανῖτιν
950 1160 994 1233 είς
1013 1151 1165 1238 χολήν..

773 1398 894 1457 ΦΑΚΗ

806 1531 846 1590 19

282 1642 387 1699 Athen.
399 1643 440 1698 VI
451 1646 522 1697 23οα
538 1644 588 1698 καί
601 1645 635 1697 Σ.
653 1634 680 1698 δ’
699 1634 716 1698 δ
735 1637 883 1715 παριοιδδς
899 1640 933 1701 ἐν
943 1636 1057 1714 Ὀρέοτη
1069 1643 1112 1710 (fr.
1127 1647 1168 1710 15)
1187 1683 1214 1702 ..
1230 1641 1264 1701 ἐν
1280 1643 1312 1702 δὲ
1329 1647 1383 1702 ταῖι
1400 1644 1466 1704 ἐπι-

198 1728 384 1802 γραφομένιοι
401 1727 524 1798 δράματι
543 1729 636 1798 Φακῆι
653 1744 739 1798 φησιν

467 1846 538 1914 ἀλλ’
560 1847 642 1928 ἀμφὶ
666 1853 807 1926 δείπνοις
829 1846 919 1927 ὀξίδ’
942 1846 1089 1932 άργυρᾶν
1112 1850 1172 1930 ἔχει

467 1956 738 2034 δρακοντομίμοις
760 1946 914 2032 ὀργάνων
937 1947 1147 2034 τορεύμασιν·

467 2057 540 2119 οίαν
563 2051 642 2118 ποτ)
664 2053 733 2133 ἔσχε
755 2057 808 2116 καί
834 2058 964 2134 Θίβρων
986 2051 1004 2117 ὁ
1033 2048 1209 2134 Ταντάλου,

467 2151 615 2232 μαλακὸν
636 2151 809 2230 ταλάντοις
831 2155 1088 2233 ἐκταλαντωθεὶς
1110 2152 1200 2239 άνήρ.

280 2293 294 2343 2
314 2287 481 2342 coniecerem
500 2279 624 2358 ἠρμένην
641 2281 817 2357 τορεύμασιν
886 2292 910 2341 3.
928 2292 945 2341 4
963 2295 992 2343 et
1004 2287 1091 2343 verba
1102 2292 1131 2342 et
1142 2303 1186 2342 res
1197 2287 1326 2356 obseura3
1344 2305 1397 2358 pro
1408 2311 1466 2359 μα-

200 2369 292 2429 λακόν
304 2372 380 2441 quod
392 2372 457 2427 olim
469 2371 608 2427 numerale
619 2371 698 2426 velut
710 2366 816 2428 ἑκατόν
827 2372 1033 2442 exspectabam,
1050 2387 1150 2427 vereor
1160 2389 1195 2428 ne
1207 2372 1312 2442 speeies
1323 2373 1465 2431 fefellerit

199 2457 324 2513 Thibron
340 2456 462 2526 Harpalo
486 2457 576 2511 oeciso
600 2455 779 2525 pecuniisque
802 2457 862 2511 eius
884 2458 1023 2527 usurpatis
1040 2456 1200 2513 interiectus
1220 2474 1259 2514 ea
1277 2475 1302 2513 a
1315 2463 1365 2513 322
1384 2459 1465 2516 iussu

200 2542 328 2612 Ophelae,
346 2542 456 2597 Arriam.
474 2557 518 2609 ap.
530 2539 611 2597 Phet
622 2539 690 2597 bibl.
706 2557 734 2610 p.
747 2545 803 2596 iba
822 2545 853 2594 10
862 2556 923 2610 sqq.
961 2549 1080 2599 ceterum
1097 2543 1127 2596 in
1144 2543 1266 2612 epitoma
1281 2541 1416 2612 μαλακὸς
1435 2554 1466 2602 et

203 2625 433 2692 ἐκτανταλωίλείς
450 2626 588 2694 seriptum.

808 2835 849 2896 20

286 2965 392 3020 Athen.
404 2965 457 3020 XV
470 2964 543 3019 rusb
563 2965 601 3030 (in
616 2964 679 3019 loeo
696 2963 802 3029 mutilo)
823 2969 858 3022 Σ.
871 2960 928 3038 γὰρ
946 2959 963 3023 ὃ
983 2963 1210 3041 φλυακογράφος
1226 2965 1259 3025 ἐν
1274 2972 1328 3025 τῶι
1344 2966 1465 3044 ἐπιγρα-

202 3053 331 3126 φομίνωι
349 3047 472 3123 δράματι
491 3053 583 3120 Φακῆι
601 3049 677 3122 λέγει
696 3040 788 3115 οὕτως

470 3180 728 3255 κρεανομοῦμαι,
758 3169 894 3237 καὶτὸν
917 3173 952 3237 ἐκ
978 3182 1154 3257 Τυρρηνίας

471 3274 566 3340 οίνον
589 3271 649 3339 σὺν
671 3271 758 3340 ὀκτὼ
782 3271 959 3353 λαμβάνειν
982 3277 1157 3355 ἐπίσταμαι.

289 3407 398 3480 gloriari
417 3407 529 3462 videtur
550 3405 649 3476 aliquis
666 3406 793 3473 ridicule,
815 3422 873 3461 non
895 3417 1069 3477 κρεανομεῑν
1090 3407 1246 3481 ἐπίσταμαι
1268 3411 1317 3466 sed
1338 3432 1464 3487 κρεανο-

203 3498 324 3566 μοῦμαι,
340 3508 397 3547 non
409 3493 522 3548 miscere
539 3491 635 3546 vinum
647 3491 697 3546 sed
708 3490 804 3547 bibere
816 3490 881 3546 seio.
912 3486 964 3549 σὺν
981 3485 1059 3550 δκτώ
1077 3495 1144 3564 quid
1156 3497 1192 3551 sit
1203 3495 1309 3563 nesei0;
1328 3492 1465 3556 συνόκτιο

203 3577 380 3643 Βίαδοιίίιιε,
403 3577 452 3633 sed
468 3576 580 3646 plenum
598 3575 759 3631 convivium
782 3575 811 3630 in
829 3577 967 3633 Musarum
984 3595 1098 3636 numero
1119 3582 1268 3638 consistere
1290 3581 1357 3637 dieit
1373 3582 1465 3639 Varro

204 3666 324 3734 Menipp.
341 3663 374 3718 ir.
392 3666 442 3717 333
454 3661 486 3715 Β.
522 3654 574 3717 σὺν
592 3655 671 3732 δφωι
687 3660 737 3716 vix
754 3667 827 3717 reete
844 3661 1006 3719 Meinekius.

702 3893 916 3953 aratorius
915 3895 970 3954 ΟΣ

810 4024 849 4083 21

290 4139 396 4194 Athen.
413 4136 455 4192 III
474 4140 545 4191 ibla
563 4135 607 4202 (de
624 4134 719 4201 vulva,
736 4135 770 4190 ir.
790 4140 830 4202 18)
850 4142 883 4194 Σ.
901 4136 933 4195 ἐν
952 4132 1133 4212 Φοοιολάγοιι

494 4238 616 4323 μήτρας
637 4238 727 4318 ὑείας
749 4236 784 4306 εὖ
807 4250 1003 4327 καδεψηδείς
1025 4244 1142 4326 τόμος,

494 4339 553 4425 τὴν
576 4347 756 4425 δηξίθυμον
779 4343 871 4424 ἐντὸς
893 4343 1039 4429 ὀξάλμην
1063 4350 1152 4430 ἔχων,

292 4467 305 4517 1
326 4456 378 4519 οὐκ
395 4461 569 4532 αφεφηθείςι
587 4457 700 4514 eerrexi.
