<?xml version="1.0" encoding="UTF-8"?>
<!DOCTYPE html PUBLIC "-//W3C//DTD XHTML 1.0 Transitional//EN"
    "http://www.w3.org/TR/xhtml1/DTD/xhtml1-transitional.dtd">
<html xmlns="http://www.w3.org/1999/xhtml" xml:lang="en" lang="en">
 <head>
  <title>
</title>
<meta http-equiv="Content-Type" content="text/html;charset=utf-8" />
  <meta name='ocr-system' content='tesseract 3.04.00' />
  <meta name='ocr-capabilities' content='ocr_page ocr_carea ocr_par ocr_line ocrx_word'/>
</head>
<body>
  <div class='ocr_page' id='page_1' title='image "./comicorvmgraeco01kaibgoog_0035.png"; bbox 0 0 3164 4800; ppageno 0'>
   <div class='ocr_carea' id='block_1_1' title="bbox 150 312 977 373">
    <p class='ocr_par' dir='ltr' id='par_1_1' title="bbox 150 312 977 373">
     <span class='ocr_line' id='line_1_1' title="bbox 150 312 977 373; baseline -0.011 0"><span class='ocrx_word' id='word_1_1' title='bbox 150 314 190 373; x_wconf 88' lang='lat'><strong><em>18</em></strong></span> <span class='ocrx_word' id='word_1_2' title='bbox 577 315 624 365; x_wconf 89' lang='lat' dir='ltr'><strong><em>DE</em></strong></span> <span class='ocrx_word' id='word_1_3' title='bbox 640 313 820 366; x_wconf 75' lang='lat' dir='ltr'>COMOEDIA</span> <span class='ocrx_word' id='word_1_4' title='bbox 836 312 977 365; x_wconf 68' lang='lat' dir='ltr'><strong>GRAECA</strong></span> 
     </span>
    </p>
   </div>
   <div class='ocr_carea' id='block_1_2' title="bbox 147 478 1453 2202">
    <p class='ocr_par' dir='ltr' id='par_1_2' title="bbox 147 478 1453 2202">
     <span class='ocr_line' id='line_1_2' title="bbox 150 478 1410 568; baseline -0.004 -18"><span class='ocrx_word' id='word_1_5' title='bbox 150 488 347 567; x_wconf 88' lang='grc' dir='ltr'><strong><em>σαφέστερον</em></strong></span> <span class='ocrx_word' id='word_1_6' title='bbox 377 487 448 566; x_wconf 75' lang='grc' dir='ltr'><strong><em>εἶχε,</em></strong></span> <span class='ocrx_word' id='word_1_7' title='bbox 482 493 533 568; x_wconf 79' lang='grc' dir='ltr'><strong><em>τῆι</em></strong></span> <span class='ocrx_word' id='word_1_8' title='bbox 556 485 624 547; x_wconf 90' lang='grc' dir='ltr'><strong><em>νέαι</em></strong></span> <span class='ocrx_word' id='word_1_9' title='bbox 646 486 820 566; x_wconf 75' lang='grc' dir='ltr'><strong><em>κεχρημένη</em></strong></span> <span class='ocrx_word' id='word_1_10' title='bbox 840 481 964 563; x_wconf 78' lang='grc' dir='ltr'><strong><em>Άτδίδι,</em></strong></span> <span class='ocrx_word' id='word_1_11' title='bbox 997 482 1016 568; x_wconf 75' lang='grc' dir='ltr'><strong><em>λγ</em></strong></span> <span class='ocrx_word' id='word_1_12' title='bbox 1040 490 1072 550; x_wconf 82' lang='grc' dir='ltr'><strong><em>δέ</em></strong></span> <span class='ocrx_word' id='word_1_13' title='bbox 1095 481 1217 549; x_wconf 85' lang='grc' dir='ltr'><strong><em>παλαιά</em></strong></span> <span class='ocrx_word' id='word_1_14' title='bbox 1239 480 1278 548; x_wconf 86' lang='grc' dir='ltr'><strong><em>τὸ</em></strong></span> <span class='ocrx_word' id='word_1_15' title='bbox 1300 478 1410 547; x_wconf 89' lang='grc' dir='ltr'><strong><em>δεινὸν</em></strong></span> 
     </span>
     <span class='ocr_line' id='line_1_3' title="bbox 149 580 1451 671; baseline -0.007 -18"><span class='ocrx_word' id='word_1_16' title='bbox 149 593 203 653; x_wconf 88' lang='grc' dir='ltr'><strong><em>καί</em></strong></span> <span class='ocrx_word' id='word_1_17' title='bbox 226 586 355 671; x_wconf 69' lang='grc' dir='ltr'><strong><em>ὑψηλὸν</em></strong></span> <span class='ocrx_word' id='word_1_18' title='bbox 376 597 437 654; x_wconf 89' lang='grc' dir='ltr'><strong><em>τοῦ</em></strong></span> <span class='ocrx_word' id='word_1_19' title='bbox 452 583 572 667; x_wconf 88' lang='grc' dir='ltr'><strong><em>λόγου·</em></strong></span> <span class='ocrx_word' id='word_1_20' title='bbox 595 587 697 651; x_wconf 80' lang='grc' dir='ltr'><strong><em>ἐνίοτε</em></strong></span> <span class='ocrx_word' id='word_1_21' title='bbox 719 590 751 651; x_wconf 84' lang='grc' dir='ltr'><strong><em>δέ</em></strong></span> <span class='ocrx_word' id='word_1_22' title='bbox 774 591 828 650; x_wconf 89' lang='grc' dir='ltr'><strong><em>καί</em></strong></span> <span class='ocrx_word' id='word_1_23' title='bbox 851 584 1072 670; x_wconf 74' lang='grc' dir='ltr'><strong><em>ἐπιτηδεύουσι</em></strong></span> <span class='ocrx_word' id='word_1_24' title='bbox 1086 590 1187 666; x_wconf 96' lang='grc' dir='ltr'><strong><em>λέξεις</em></strong></span> <span class='ocrx_word' id='word_1_25' title='bbox 1200 581 1300 662; x_wconf 87' lang='grc' dir='ltr'><strong><em>τινάς.</em></strong></span> <span class='ocrx_word' id='word_1_26' title='bbox 1331 580 1410 665; x_wconf 77' lang='grc' dir='ltr'><strong><em>άληι</em></strong></span> <span class='ocrx_word' id='word_1_27' title='bbox 1422 594 1451 644; x_wconf 81' lang='lat'><strong><em>15</em></strong></span> 
     </span>
     <span class='ocr_line' id='line_1_4' title="bbox 150 685 1410 774; baseline -0.005 -18"><span class='ocrx_word' id='word_1_28' title='bbox 150 694 182 756; x_wconf 85' lang='grc' dir='ltr'><strong><em>δέ</em></strong></span> <span class='ocrx_word' id='word_1_29' title='bbox 204 687 289 756; x_wconf 75' lang='grc' dir='ltr'><strong><em>καθὸ</em></strong></span> <span class='ocrx_word' id='word_1_30' title='bbox 311 687 348 774; x_wconf 81' lang='grc' dir='ltr'><strong><em>(ἡ</em></strong></span> <span class='ocrx_word' id='word_1_31' title='bbox 370 694 430 767; x_wconf 80' lang='grc' dir='ltr'><strong><em>μέν</em></strong></span> <span class='ocrx_word' id='word_1_32' title='bbox 453 692 556 754; x_wconf 87' lang='grc' dir='ltr'><strong><em>νέα..</em></strong></span> <span class='ocrx_word' id='word_1_33' title='bbox 576 685 617 769; x_wconf 75' lang='grc' dir='ltr'><strong><em>,ἡ</em></strong></span> <span class='ocrx_word' id='word_1_34' title='bbox 641 691 674 752; x_wconf 87' lang='grc' dir='ltr'><strong><em>δέ</em></strong></span> <span class='ocrx_word' id='word_1_35' title='bbox 696 685 817 752; x_wconf 86' lang='grc' dir='ltr'><strong><em>παλαιά</em></strong></span> <span class='ocrx_word' id='word_1_36' title='bbox 832 739 839 754; x_wconf 94' lang='grc'><strong>.</strong></span> <span class='ocrx_word' id='word_1_37' title='bbox 856 740 864 753; x_wconf 93' lang='grc'><strong>.</strong></span> <span class='ocrx_word' id='word_1_38' title='bbox 881 740 889 755; x_wconf 88' lang='grc'><strong>.</strong></span> <span class='ocrx_word' id='word_1_39' title='bbox 906 693 1025 771; x_wconf 88' lang='grc' dir='ltr'><strong><em>μέτρωι</em></strong></span> <span class='ocrx_word' id='word_1_40' title='bbox 1049 693 1081 754; x_wconf 85' lang='grc' dir='ltr'><strong><em>δέ</em></strong></span> <span class='ocrx_word' id='word_1_41' title='bbox 1103 686 1207 772; x_wconf 68' lang='lat' dir='ltr'>nasi&gt;</span> <span class='ocrx_word' id='word_1_42' title='bbox 1227 686 1246 771; x_wconf 78' lang='grc' dir='ltr'><em>ἡ</em></span> <span class='ocrx_word' id='word_1_43' title='bbox 1268 692 1328 766; x_wconf 83' lang='grc' dir='ltr'><strong><em>μέν</em></strong></span> <span class='ocrx_word' id='word_1_44' title='bbox 1349 689 1410 751; x_wconf 91' lang='grc' dir='ltr'><strong><em>νέα</em></strong></span> 
     </span>
     <span class='ocr_line' id='line_1_5' title="bbox 148 791 1410 874; baseline -0.006 -15"><span class='ocrx_word' id='word_1_45' title='bbox 148 803 208 859; x_wconf 91' lang='grc' dir='ltr'><strong><em>τῶι</em></strong></span> <span class='ocrx_word' id='word_1_46' title='bbox 231 798 380 872; x_wconf 85' lang='grc' dir='ltr'><strong><em>ίαμβικῶι</em></strong></span> <span class='ocrx_word' id='word_1_47' title='bbox 401 793 520 873; x_wconf 88' lang='grc' dir='ltr'><strong><em>μέτρωι</em></strong></span> <span class='ocrx_word' id='word_1_48' title='bbox 550 791 602 854; x_wconf 85' lang='grc' dir='ltr'><strong><em>έπὶ</em></strong></span> <span class='ocrx_word' id='word_1_49' title='bbox 630 798 784 855; x_wconf 88' lang='grc' dir='ltr'><strong><em>πλεῖστον</em></strong></span> <span class='ocrx_word' id='word_1_50' title='bbox 809 796 933 874; x_wconf 80' lang='grc' dir='ltr'><strong><em>χρῆται,</em></strong></span> <span class='ocrx_word' id='word_1_51' title='bbox 967 799 1114 868; x_wconf 82' lang='grc' dir='ltr'><strong><em>σπανίως</em></strong></span> <span class='ocrx_word' id='word_1_52' title='bbox 1143 795 1176 856; x_wconf 83' lang='grc' dir='ltr'><strong><em>δέ</em></strong></span> <span class='ocrx_word' id='word_1_53' title='bbox 1205 797 1259 856; x_wconf 86' lang='grc' dir='ltr'><strong><em>καί</em></strong></span> <span class='ocrx_word' id='word_1_54' title='bbox 1287 791 1410 872; x_wconf 75' lang='grc' dir='ltr'><strong><em>ἑτέροις</em></strong></span> 
     </span>
     <span class='ocr_line' id='line_1_6' title="bbox 149 889 1410 978; baseline -0.006 -17"><span class='ocrx_word' id='word_1_55' title='bbox 149 899 286 978; x_wconf 89' lang='grc' dir='ltr'><strong><em>μέτροις,</em></strong></span> <span class='ocrx_word' id='word_1_56' title='bbox 319 902 371 978; x_wconf 78' lang='grc' dir='ltr'><strong><em>τῆι</em></strong></span> <span class='ocrx_word' id='word_1_57' title='bbox 393 898 426 959; x_wconf 88' lang='grc' dir='ltr'><strong><em>δέ</em></strong></span> <span class='ocrx_word' id='word_1_58' title='bbox 448 899 583 957; x_wconf 85' lang='grc' dir='ltr'><strong><em>παλαιᾶι</em></strong></span> <span class='ocrx_word' id='word_1_59' title='bbox 605 899 804 978; x_wconf 86' lang='grc' dir='ltr'><strong><em>πολυμετρία</em></strong></span> <span class='ocrx_word' id='word_1_60' title='bbox 826 891 865 957; x_wconf 85' lang='grc' dir='ltr'><strong><em>τὸ</em></strong></span> <span class='ocrx_word' id='word_1_61' title='bbox 888 889 1163 974; x_wconf 85' lang='grc' dir='ltr'><strong><em>σπουδαζόμενον.</em></strong></span> <span class='ocrx_word' id='word_1_62' title='bbox 1189 898 1351 973; x_wconf 85' lang='grc' dir='ltr'><strong><em>διασκευῆι</em></strong></span> <span class='ocrx_word' id='word_1_63' title='bbox 1373 894 1410 954; x_wconf 82' lang='grc' dir='ltr'><strong><em>δὲ</em></strong></span> 
     </span>
     <span class='ocr_line' id='line_1_7' title="bbox 148 991 1409 1078; baseline -0.008 -14"><span class='ocrx_word' id='word_1_64' title='bbox 148 996 198 1064; x_wconf 81' lang='grc' dir='ltr'><strong><em>ὅτι</em></strong></span> <span class='ocrx_word' id='word_1_65' title='bbox 225 1000 260 1063; x_wconf 87' lang='grc' dir='ltr'><strong><em>έν</em></strong></span> <span class='ocrx_word' id='word_1_66' title='bbox 288 1001 347 1075; x_wconf 81' lang='grc' dir='ltr'><strong><em>μέν</em></strong></span> <span class='ocrx_word' id='word_1_67' title='bbox 377 1004 428 1078; x_wconf 84' lang='grc' dir='ltr'><strong><em>τῆι</em></strong></span> <span class='ocrx_word' id='word_1_68' title='bbox 450 997 518 1059; x_wconf 87' lang='grc' dir='ltr'><strong><em>νέαι</em></strong></span> <span class='ocrx_word' id='word_1_69' title='bbox 544 1002 656 1075; x_wconf 90' lang='grc' dir='ltr'><strong><em>χορῶν</em></strong></span> <span class='ocrx_word' id='word_1_70' title='bbox 685 993 746 1059; x_wconf 79' lang='grc' dir='ltr'><strong><em>ου’κ</em></strong></span> <span class='ocrx_word' id='word_1_71' title='bbox 779 991 851 1070; x_wconf 73' lang='grc' dir='ltr'><strong><em>ἔδει,</em></strong></span> <span class='ocrx_word' id='word_1_72' title='bbox 885 997 920 1058; x_wconf 82' lang='grc' dir='ltr'><strong><em>ἐν</em></strong></span> <span class='ocrx_word' id='word_1_73' title='bbox 954 997 1071 1078; x_wconf 84' lang='grc' dir='ltr'><strong><em>ε’κείυηι</em></strong></span> <span class='ocrx_word' id='word_1_74' title='bbox 1105 998 1137 1059; x_wconf 85' lang='grc' dir='ltr'><strong><em>δέ</em></strong></span> <span class='ocrx_word' id='word_1_75' title='bbox 1169 1001 1223 1060; x_wconf 90' lang='grc' dir='ltr'><strong><em>καί</em></strong></span> <span class='ocrx_word' id='word_1_76' title='bbox 1257 991 1409 1072; x_wconf 89' lang='grc' dir='ltr'><strong><em>μάλιστα.</em></strong></span> 
     </span>
     <span class='ocr_line' id='line_1_8' title="bbox 152 1092 1453 1180; baseline -0.005 -18"><span class='ocrx_word' id='word_1_77' title='bbox 152 1107 201 1162; x_wconf 86' lang='grc'><strong><em>16.</em></strong></span> <span class='ocrx_word' id='word_1_78' title='bbox 223 1105 278 1164; x_wconf 86' lang='grc' dir='ltr'><strong><em>καί</em></strong></span> <span class='ocrx_word' id='word_1_79' title='bbox 300 1095 380 1180; x_wconf 78' lang='grc' dir='ltr'><strong><em>αὐτὴ</em></strong></span> <span class='ocrx_word' id='word_1_80' title='bbox 404 1101 437 1162; x_wconf 81' lang='grc' dir='ltr'><strong><em>δὲ</em></strong></span> <span class='ocrx_word' id='word_1_81' title='bbox 459 1092 477 1179; x_wconf 78' lang='grc' dir='ltr'><strong><em>ἣ</em></strong></span> <span class='ocrx_word' id='word_1_82' title='bbox 500 1093 622 1161; x_wconf 82' lang='grc' dir='ltr'><strong><em>παλαιὰ</em></strong></span> <span class='ocrx_word' id='word_1_83' title='bbox 650 1096 766 1177; x_wconf 75' lang='grc' dir='ltr'><strong><em>ἑαυτῆς</em></strong></span> <span class='ocrx_word' id='word_1_84' title='bbox 793 1100 952 1180; x_wconf 80' lang='grc' dir='ltr'><strong><em>διαφέρει·</em></strong></span> <span class='ocrx_word' id='word_1_85' title='bbox 984 1103 1039 1161; x_wconf 86' lang='grc' dir='ltr'><strong><em>καί</em></strong></span> <span class='ocrx_word' id='word_1_86' title='bbox 1066 1093 1128 1179; x_wconf 84' lang='grc' dir='ltr'><strong><em>γὰρ</em></strong></span> <span class='ocrx_word' id='word_1_87' title='bbox 1157 1101 1189 1163; x_wconf 77' lang='lat' dir='ltr'>oi</span> <span class='ocrx_word' id='word_1_88' title='bbox 1218 1098 1252 1162; x_wconf 86' lang='grc' dir='ltr'><strong><em>έν</em></strong></span> <span class='ocrx_word' id='word_1_89' title='bbox 1274 1104 1327 1179; x_wconf 82' lang='grc' dir='ltr'><strong><em>τῆι</em></strong></span> <span class='ocrx_word' id='word_1_90' title='bbox 1346 1093 1453 1160; x_wconf 67' lang='lat' dir='ltr'>{lt-so</span> 
     </span>
     <span class='ocr_line' id='line_1_9' title="bbox 147 1191 1409 1284; baseline -0.006 -18"><span class='ocrx_word' id='word_1_91' title='bbox 147 1209 232 1284; x_wconf 76' lang='grc' dir='ltr'><strong><em>τικῆι</em></strong></span> <span class='ocrx_word' id='word_1_92' title='bbox 261 1208 394 1282; x_wconf 89' lang='grc' dir='ltr'><strong><em>πρῶτον</em></strong></span> <span class='ocrx_word' id='word_1_93' title='bbox 422 1194 656 1280; x_wconf 76' lang='grc' dir='ltr'><strong><em>συστησάμενοι</em></strong></span> <span class='ocrx_word' id='word_1_94' title='bbox 682 1195 721 1262; x_wconf 89' lang='grc' dir='ltr'><strong><em>τὸ</em></strong></span> <span class='ocrx_word' id='word_1_95' title='bbox 747 1195 938 1279; x_wconf 81' lang='grc' dir='ltr'><strong><em>ἐπιτήδευμα</em></strong></span> <span class='ocrx_word' id='word_1_96' title='bbox 967 1207 1023 1281; x_wconf 80' lang='grc' dir='ltr'><strong><em>τῆς</em></strong></span> <span class='ocrx_word' id='word_1_97' title='bbox 1052 1203 1236 1277; x_wconf 90' lang='grc' dir='ltr'><strong><em>κωμωιδίας</em></strong></span> <span class='ocrx_word' id='word_1_98' title='bbox 1257 1191 1350 1280; x_wconf 77' lang='grc' dir='ltr'><strong><em>(ἦσαν</em></strong></span> <span class='ocrx_word' id='word_1_99' title='bbox 1373 1200 1409 1260; x_wconf 84' lang='grc' dir='ltr'><strong><em>δέ,</em></strong></span> 
     </span>
     <span class='ocr_line' id='line_1_10' title="bbox 149 1293 1409 1385; baseline -0.006 -16"><span class='ocrx_word' id='word_1_100' title='bbox 149 1308 180 1369; x_wconf 78' lang='lat' dir='ltr'>oi</span> <span class='ocrx_word' id='word_1_101' title='bbox 202 1309 275 1385; x_wconf 85' lang='grc' dir='ltr'><strong><em>περὶ</em></strong></span> <span class='ocrx_word' id='word_1_102' title='bbox 296 1303 525 1384; x_wconf 87' lang='grc' dir='ltr'><strong><em>Σουσαρίωνα)</em></strong></span> <span class='ocrx_word' id='word_1_103' title='bbox 552 1297 591 1365; x_wconf 87' lang='grc' dir='ltr'><strong><em>τά</em></strong></span> <span class='ocrx_word' id='word_1_104' title='bbox 618 1297 779 1382; x_wconf 86' lang='grc' dir='ltr'><strong><em>πρόσωπα</em></strong></span> <span class='ocrx_word' id='word_1_105' title='bbox 808 1298 954 1379; x_wconf 80' lang='grc' dir='ltr'><strong><em>ἀτάκτως</em></strong></span> <span class='ocrx_word' id='word_1_106' title='bbox 983 1307 1120 1384; x_wconf 82' lang='grc' dir='ltr'><strong><em>εἰσῆγον,</em></strong></span> <span class='ocrx_word' id='word_1_107' title='bbox 1153 1307 1208 1366; x_wconf 85' lang='grc' dir='ltr'><strong><em>καὶ</em></strong></span> <span class='ocrx_word' id='word_1_108' title='bbox 1235 1302 1337 1380; x_wconf 86' lang='grc' dir='ltr'><strong><em>γέλως</em></strong></span> <span class='ocrx_word' id='word_1_109' title='bbox 1364 1293 1409 1379; x_wconf 72' lang='grc' dir='ltr'><strong><em>ἦν</em></strong></span> 
     </span>
     <span class='ocr_line' id='line_1_11' title="bbox 147 1397 1409 1487; baseline -0.006 -16"><span class='ocrx_word' id='word_1_110' title='bbox 147 1401 250 1483; x_wconf 86' lang='grc' dir='ltr'><strong><em>μόνος</em></strong></span> <span class='ocrx_word' id='word_1_111' title='bbox 271 1402 310 1469; x_wconf 89' lang='grc' dir='ltr'><strong><em>τὸ</em></strong></span> <span class='ocrx_word' id='word_1_112' title='bbox 332 1397 664 1482; x_wconf 82' lang='grc' dir='ltr'><strong><em>κατασκευαζόμενον.</em></strong></span> <span class='ocrx_word' id='word_1_113' title='bbox 708 1399 934 1483; x_wconf 81' lang='grc' dir='ltr'><strong><em>ἐπιγενόμενος</em></strong></span> <span class='ocrx_word' id='word_1_114' title='bbox 957 1408 989 1469; x_wconf 85' lang='grc' dir='ltr'><strong><em>δέ</em></strong></span> <span class='ocrx_word' id='word_1_115' title='bbox 1012 1401 1029 1469; x_wconf 83' lang='grc' dir='ltr'>ὁ</span> <span class='ocrx_word' id='word_1_116' title='bbox 1053 1414 1213 1487; x_wconf 82' lang='grc' dir='ltr'><strong><em>Κρατῖνος</em></strong></span> <span class='ocrx_word' id='word_1_117' title='bbox 1234 1403 1409 1482; x_wconf 89' lang='grc' dir='ltr'><strong><em>κατέστησε</em></strong></span> 
     </span>
     <span class='ocr_line' id='line_1_12' title="bbox 147 1497 1409 1589; baseline -0.006 -17"><span class='ocrx_word' id='word_1_118' title='bbox 147 1511 207 1586; x_wconf 85' lang='grc' dir='ltr'><strong><em>μέν</em></strong></span> <span class='ocrx_word' id='word_1_119' title='bbox 230 1513 365 1587; x_wconf 87' lang='grc' dir='ltr'><strong><em>πρῶτον</em></strong></span> <span class='ocrx_word' id='word_1_120' title='bbox 386 1502 426 1569; x_wconf 84' lang='grc' dir='ltr'><strong><em>τά</em></strong></span> <span class='ocrx_word' id='word_1_121' title='bbox 449 1506 484 1569; x_wconf 91' lang='grc' dir='ltr'><strong><em>έν</em></strong></span> <span class='ocrx_word' id='word_1_122' title='bbox 506 1511 557 1584; x_wconf 85' lang='grc' dir='ltr'><strong><em>τῆι</em></strong></span> <span class='ocrx_word' id='word_1_123' title='bbox 578 1508 756 1581; x_wconf 86' lang='grc' dir='ltr'><strong><em>κωμωιδίαι</em></strong></span> <span class='ocrx_word' id='word_1_124' title='bbox 778 1501 939 1587; x_wconf 86' lang='grc' dir='ltr'><strong><em>πρόσωπα</em></strong></span> <span class='ocrx_word' id='word_1_125' title='bbox 960 1509 1050 1588; x_wconf 88' lang='grc' dir='ltr'><strong><em>μέχρι</em></strong></span> <span class='ocrx_word' id='word_1_126' title='bbox 1072 1514 1184 1589; x_wconf 80' lang='grc' dir='ltr'><strong><em>τριῶν,</em></strong></span> <span class='ocrx_word' id='word_1_127' title='bbox 1207 1500 1325 1586; x_wconf 83' lang='grc' dir='ltr'><strong><em>στήσας</em></strong></span> <span class='ocrx_word' id='word_1_128' title='bbox 1346 1497 1409 1584; x_wconf 80' lang='grc' dir='ltr'><strong><em>τὴν</em></strong></span> 
     </span>
     <span class='ocr_line' id='line_1_13' title="bbox 149 1600 1453 1689; baseline -0.006 -15"><span class='ocrx_word' id='word_1_129' title='bbox 149 1607 295 1688; x_wconf 83' lang='grc' dir='ltr'><strong><em>άταξίαν,</em></strong></span> <span class='ocrx_word' id='word_1_130' title='bbox 328 1613 382 1672; x_wconf 90' lang='grc' dir='ltr'><strong><em>καί</em></strong></span> <span class='ocrx_word' id='word_1_131' title='bbox 411 1611 470 1672; x_wconf 92' lang='grc' dir='ltr'><strong><em>τῶι</em></strong></span> <span class='ocrx_word' id='word_1_132' title='bbox 496 1612 639 1689; x_wconf 77' lang='grc' dir='ltr'><strong><em>χαρίεντι</em></strong></span> <span class='ocrx_word' id='word_1_133' title='bbox 667 1614 723 1687; x_wconf 84' lang='grc' dir='ltr'><strong><em>τῆς</em></strong></span> <span class='ocrx_word' id='word_1_134' title='bbox 752 1611 936 1686; x_wconf 89' lang='grc' dir='ltr'><strong><em>κωμωιδίας</em></strong></span> <span class='ocrx_word' id='word_1_135' title='bbox 964 1605 1002 1673; x_wconf 89' lang='grc' dir='ltr'><strong><em>τὸ</em></strong></span> <span class='ocrx_word' id='word_1_136' title='bbox 1026 1600 1192 1688; x_wconf 81' lang='grc' dir='ltr'><strong><em>ὠφέλιμον</em></strong></span> <span class='ocrx_word' id='word_1_137' title='bbox 1214 1608 1408 1689; x_wconf 69' lang='grc' dir='ltr'><strong><em>προσέθηκε,</em></strong></span> <span class='ocrx_word' id='word_1_138' title='bbox 1421 1615 1453 1666; x_wconf 79' lang='grc'><strong><em>25</em></strong></span> 
     </span>
     <span class='ocr_line' id='line_1_14' title="bbox 148 1704 1410 1792; baseline -0.004 -17"><span class='ocrx_word' id='word_1_139' title='bbox 148 1707 229 1788; x_wconf 81' lang='grc' dir='ltr'><strong><em>τούς</em></strong></span> <span class='ocrx_word' id='word_1_140' title='bbox 256 1717 364 1787; x_wconf 89' lang='grc' dir='ltr'><strong><em>κακῶς</em></strong></span> <span class='ocrx_word' id='word_1_141' title='bbox 391 1705 598 1791; x_wconf 80' lang='grc' dir='ltr'><strong><em>πράσσοντας</em></strong></span> <span class='ocrx_word' id='word_1_142' title='bbox 620 1706 806 1786; x_wconf 76' lang='grc' dir='ltr'><strong><em>διαβάλλων</em></strong></span> <span class='ocrx_word' id='word_1_143' title='bbox 827 1716 881 1776; x_wconf 86' lang='grc' dir='ltr'><strong><em>καὶ</em></strong></span> <span class='ocrx_word' id='word_1_144' title='bbox 904 1705 1012 1792; x_wconf 74' lang='grc' dir='ltr'><strong><em>ὥσπερ</em></strong></span> <span class='ocrx_word' id='word_1_145' title='bbox 1035 1715 1183 1792; x_wconf 88' lang='grc' dir='ltr'><strong><em>δημοσίαι</em></strong></span> <span class='ocrx_word' id='word_1_146' title='bbox 1205 1704 1334 1787; x_wconf 82' lang='grc' dir='ltr'><strong><em>μάστιγι</em></strong></span> <span class='ocrx_word' id='word_1_147' title='bbox 1355 1713 1410 1788; x_wconf 86' lang='grc' dir='ltr'><strong><em>τῆι</em></strong></span> 
     </span>
     <span class='ocr_line' id='line_1_15' title="bbox 149 1807 1409 1895; baseline -0.003 -17"><span class='ocrx_word' id='word_1_148' title='bbox 149 1817 328 1892; x_wconf 86' lang='grc' dir='ltr'><strong><em>κωμωιδίαι</em></strong></span> <span class='ocrx_word' id='word_1_149' title='bbox 350 1809 509 1892; x_wconf 80' lang='grc' dir='ltr'><strong><em>κολάζων.</em></strong></span> <span class='ocrx_word' id='word_1_150' title='bbox 547 1809 624 1877; x_wconf 75' lang='grc' dir='ltr'><strong><em>ἀλλ’</em></strong></span> <span class='ocrx_word' id='word_1_151' title='bbox 640 1811 684 1875; x_wconf 88' lang='grc' dir='ltr'><strong><em>έτι</em></strong></span> <span class='ocrx_word' id='word_1_152' title='bbox 705 1815 765 1889; x_wconf 84' lang='grc' dir='ltr'><strong><em>μέν</em></strong></span> <span class='ocrx_word' id='word_1_153' title='bbox 786 1818 840 1877; x_wconf 84' lang='grc' dir='ltr'><strong><em>καί</em></strong></span> <span class='ocrx_word' id='word_1_154' title='bbox 863 1807 962 1892; x_wconf 83' lang='grc' dir='ltr'><strong><em>οὗτος</em></strong></span> <span class='ocrx_word' id='word_1_155' title='bbox 983 1820 1039 1895; x_wconf 85' lang='grc' dir='ltr'><strong><em>τῆς</em></strong></span> <span class='ocrx_word' id='word_1_156' title='bbox 1062 1809 1272 1895; x_wconf 76' lang='grc' dir='ltr'><strong><em>ἀρχαιότητος</em></strong></span> <span class='ocrx_word' id='word_1_157' title='bbox 1286 1823 1409 1889; x_wconf 82' lang='grc' dir='ltr'><strong><em>μετεῖχε</em></strong></span> 
     </span>
     <span class='ocr_line' id='line_1_16' title="bbox 148 1906 1409 1998; baseline -0.003 -18"><span class='ocrx_word' id='word_1_158' title='bbox 148 1921 202 1981; x_wconf 89' lang='grc' dir='ltr'><strong><em>καί</em></strong></span> <span class='ocrx_word' id='word_1_159' title='bbox 229 1913 330 1998; x_wconf 86' lang='grc' dir='ltr'><strong><em>η’ρέμα</em></strong></span> <span class='ocrx_word' id='word_1_160' title='bbox 360 1938 430 1991; x_wconf 88' lang='grc' dir='ltr'><strong><em>πως</em></strong></span> <span class='ocrx_word' id='word_1_161' title='bbox 458 1922 514 1995; x_wconf 78' lang='grc' dir='ltr'><strong><em>τῆς</em></strong></span> <span class='ocrx_word' id='word_1_162' title='bbox 543 1911 693 1992; x_wconf 75' lang='grc' dir='ltr'><strong><em>ἀταξίας·</em></strong></span> <span class='ocrx_word' id='word_1_163' title='bbox 725 1911 742 1978; x_wconf 83' lang='grc' dir='ltr'>ὁ</span> <span class='ocrx_word' id='word_1_164' title='bbox 770 1917 881 1993; x_wconf 88' lang='grc' dir='ltr'><strong><em>μέντοι</em></strong></span> <span class='ocrx_word' id='word_1_165' title='bbox 907 1939 942 1995; x_wconf 92' lang='grc' dir='ltr'><strong><em>γε</em></strong></span> <span class='ocrx_word' id='word_1_166' title='bbox 962 1910 1188 1997; x_wconf 72' lang='grc' dir='ltr'><strong><em>Ἀριστοφάνης</em></strong></span> <span class='ocrx_word' id='word_1_167' title='bbox 1209 1906 1409 1991; x_wconf 75' lang='grc' dir='ltr'><strong><em>μεθοδεάσας</em></strong></span> 
     </span>
     <span class='ocr_line' id='line_1_17' title="bbox 147 2010 1409 2098; baseline -0.002 -17"><span class='ocrx_word' id='word_1_168' title='bbox 147 2013 380 2098; x_wconf 83' lang='grc' dir='ltr'><strong><em>τεχνικώτερον</em></strong></span> <span class='ocrx_word' id='word_1_169' title='bbox 402 2013 461 2096; x_wconf 84' lang='grc' dir='ltr'><strong><em>τὴν</em></strong></span> <span class='ocrx_word' id='word_1_170' title='bbox 482 2020 669 2091; x_wconf 87' lang='grc' dir='ltr'><strong><em>κωμωιδίαν</em></strong></span> <span class='ocrx_word' id='word_1_171' title='bbox 690 2023 759 2081; x_wconf 90' lang='grc' dir='ltr'><strong><em>τῶν</em></strong></span> <span class='ocrx_word' id='word_1_172' title='bbox 781 2014 860 2094; x_wconf 76' lang='grc' dir='ltr'><strong><em>μεθ’</em></strong></span> <span class='ocrx_word' id='word_1_173' title='bbox 882 2019 1001 2084; x_wconf 71' lang='grc' dir='ltr'><strong><em>ἑαυτοῦ</em></strong></span> <span class='ocrx_word' id='word_1_174' title='bbox 1022 2015 1207 2098; x_wconf 82' lang='grc' dir='ltr'><strong><em>α’νέλαμψεν</em></strong></span> <span class='ocrx_word' id='word_1_175' title='bbox 1230 2017 1265 2080; x_wconf 92' lang='grc' dir='ltr'><strong><em>έν</em></strong></span> <span class='ocrx_word' id='word_1_176' title='bbox 1286 2010 1409 2079; x_wconf 82' lang='grc' dir='ltr'><strong><em>ἅπασιν</em></strong></span> 
     </span>
     <span class='ocr_line' id='line_1_18' title="bbox 148 2121 1450 2202; baseline -0.005 -19"><span class='ocrx_word' id='word_1_177' title='bbox 148 2121 301 2202; x_wconf 81' lang='grc' dir='ltr'><strong><em>ἐπίσημος</em></strong></span> <span class='ocrx_word' id='word_1_178' title='bbox 324 2124 445 2197; x_wconf 85' lang='grc' dir='ltr'><strong><em>φανεί.</em></strong></span> <span class='ocrx_word' id='word_1_179' title='bbox 528 2135 531 2139; x_wconf 74' lang='grc'>’</span> <span class='ocrx_word' id='word_1_180' title='bbox 1418 2127 1450 2177; x_wconf 75' lang='grc'><strong><em>30</em></strong></span> 
     </span>
    </p>
   </div>
   <div class='ocr_carea' id='block_1_3' title="bbox 146 2247 1408 2542">
    <p class='ocr_par' dir='ltr' id='par_1_3' title="bbox 146 2247 1408 2542">
     <span class='ocr_line' id='line_1_19' title="bbox 232 2247 1408 2336; baseline 0.001 -21"><span class='ocrx_word' id='word_1_181' title='bbox 232 2255 274 2315; x_wconf 85' lang='lat' dir='ltr'><strong><em>IV</em></strong></span> <span class='ocrx_word' id='word_1_182' title='bbox 292 2259 339 2318; x_wconf 81' lang='lat'><strong><em>17.</em></strong></span> <span class='ocrx_word' id='word_1_183' title='bbox 368 2247 387 2317; x_wconf 84' lang='grc' dir='ltr'><strong><em>ό</em></strong></span> <span class='ocrx_word' id='word_1_184' title='bbox 413 2258 445 2318; x_wconf 89' lang='grc' dir='ltr'><strong><em>δέ</em></strong></span> <span class='ocrx_word' id='word_1_185' title='bbox 467 2255 569 2333; x_wconf 88' lang='grc' dir='ltr'><strong><em>γέλως</em></strong></span> <span class='ocrx_word' id='word_1_186' title='bbox 590 2261 647 2334; x_wconf 82' lang='grc' dir='ltr'><strong><em>τῆς</em></strong></span> <span class='ocrx_word' id='word_1_187' title='bbox 669 2258 853 2332; x_wconf 88' lang='grc' dir='ltr'><strong><em>κωμωιδίας</em></strong></span> <span class='ocrx_word' id='word_1_188' title='bbox 875 2255 909 2318; x_wconf 84' lang='grc' dir='ltr'><strong><em>έκ</em></strong></span> <span class='ocrx_word' id='word_1_189' title='bbox 931 2277 966 2319; x_wconf 91' lang='grc' dir='ltr'><strong><em>τε</em></strong></span> <span class='ocrx_word' id='word_1_190' title='bbox 987 2258 1106 2334; x_wconf 81' lang='grc' dir='ltr'><strong><em>λέξεων</em></strong></span> <span class='ocrx_word' id='word_1_191' title='bbox 1128 2260 1184 2321; x_wconf 85' lang='grc' dir='ltr'><strong><em>καὶ</em></strong></span> <span class='ocrx_word' id='word_1_192' title='bbox 1205 2247 1408 2336; x_wconf 86' lang='grc' dir='ltr'><strong><em>πραγμάτων</em></strong></span> 
     </span>
     <span class='ocr_line' id='line_1_20' title="bbox 147 2352 1407 2438; baseline -0.002 -18"><span class='ocrx_word' id='word_1_193' title='bbox 147 2357 207 2438; x_wconf 74' lang='grc' dir='ltr'><strong><em>ἔχει</em></strong></span> <span class='ocrx_word' id='word_1_194' title='bbox 229 2352 288 2437; x_wconf 81' lang='grc' dir='ltr'><strong><em>τὴν</em></strong></span> <span class='ocrx_word' id='word_1_195' title='bbox 311 2352 483 2420; x_wconf 83' lang='grc' dir='ltr'><strong><em>σύστασιν·</em></strong></span> <span class='ocrx_word' id='word_1_196' title='bbox 516 2355 550 2418; x_wconf 82' lang='grc' dir='ltr'><strong><em>ἐκ</em></strong></span> <span class='ocrx_word' id='word_1_197' title='bbox 571 2358 635 2432; x_wconf 80' lang='grc' dir='ltr'><strong><em>μέν</em></strong></span> <span class='ocrx_word' id='word_1_198' title='bbox 651 2361 719 2420; x_wconf 91' lang='grc' dir='ltr'><strong><em>τῶν</em></strong></span> <span class='ocrx_word' id='word_1_199' title='bbox 742 2358 861 2434; x_wconf 81' lang='grc' dir='ltr'><strong><em>λέξεων</em></strong></span> <span class='ocrx_word' id='word_1_200' title='bbox 883 2353 965 2421; x_wconf 86' lang='grc' dir='ltr'><strong><em>κατά</em></strong></span> <span class='ocrx_word' id='word_1_201' title='bbox 986 2353 1132 2438; x_wconf 87' lang='grc' dir='ltr'><strong><em>τρόπους</em></strong></span> <span class='ocrx_word' id='word_1_202' title='bbox 1153 2352 1248 2422; x_wconf 86' lang='grc' dir='ltr'><strong><em>έπτά·</em></strong></span> <span class='ocrx_word' id='word_1_203' title='bbox 1271 2361 1407 2438; x_wconf 88' lang='grc' dir='ltr'><strong><em>πρῶτον</em></strong></span> 
     </span>
     <span class='ocr_line' id='line_1_21' title="bbox 146 2452 1407 2542; baseline -0.002 -19"><span class='ocrx_word' id='word_1_204' title='bbox 146 2454 229 2523; x_wconf 70' lang='grc' dir='ltr'><strong><em>καθ’</em></strong></span> <span class='ocrx_word' id='word_1_205' title='bbox 251 2454 443 2535; x_wconf 82' lang='grc' dir='ltr'><strong><em>ὁμωνυμίαν</em></strong></span> <span class='ocrx_word' id='word_1_206' title='bbox 466 2453 511 2533; x_wconf 84' lang='grc' dir='ltr'><strong><em>ὡς</em></strong></span> <span class='ocrx_word' id='word_1_207' title='bbox 532 2453 571 2521; x_wconf 88' lang='grc' dir='ltr'><strong><em>τὸ</em></strong></span> <span class='ocrx_word' id='word_1_208' title='bbox 587 2454 908 2539; x_wconf 67' lang='grc' dir='ltr'><strong><em>ιδιαφορουμένοις’·</em></strong></span> <span class='ocrx_word' id='word_1_209' title='bbox 934 2465 1077 2540; x_wconf 92' lang='grc' dir='ltr'><strong><em>σημαίνει</em></strong></span> <span class='ocrx_word' id='word_1_210' title='bbox 1100 2454 1221 2542; x_wconf 81' lang='grc' dir='ltr'><strong><em>γάρτό</em></strong></span> <span class='ocrx_word' id='word_1_211' title='bbox 1243 2481 1278 2523; x_wconf 90' lang='grc' dir='ltr'><strong><em>τε</em></strong></span> <span class='ocrx_word' id='word_1_212' title='bbox 1293 2452 1407 2536; x_wconf 88' lang='grc' dir='ltr'><strong><em>διαφό-</em></strong></span> 
     </span>
    </p>
   </div>
   <div class='ocr_carea' id='block_1_4' title="bbox 113 2692 1407 3186">
    <p class='ocr_par' dir='ltr' id='par_1_4' title="bbox 113 2692 1407 3186">
     <span class='ocr_line' id='line_1_22' title="bbox 235 2692 1407 2766; baseline -0.003 -19"><span class='ocrx_word' id='word_1_213' title='bbox 235 2699 268 2747; x_wconf 92' lang='grc'><strong><em>14</em></strong></span> <span class='ocrx_word' id='word_1_214' title='bbox 286 2695 341 2760; x_wconf 78' lang='grc' dir='ltr'><strong><em>εἶχε</em></strong></span> <span class='ocrx_word' id='word_1_215' title='bbox 358 2694 461 2759; x_wconf 75' lang='lat' dir='ltr'>scripsi:</span> <span class='ocrx_word' id='word_1_216' title='bbox 488 2694 549 2745; x_wconf 81' lang='grc' dir='ltr'><strong><em>έσκε</em></strong></span> <span class='ocrx_word' id='word_1_217' title='bbox 566 2694 639 2758; x_wconf 80' lang='grc' dir='ltr'><strong><em>οοδδ,</em></strong></span> <span class='ocrx_word' id='word_1_218' title='bbox 658 2694 711 2759; x_wconf 72' lang='grc' dir='ltr'><strong><em>ἔχει</em></strong></span> <span class='ocrx_word' id='word_1_219' title='bbox 722 2696 766 2746; x_wconf 87' lang='lat' dir='ltr'><strong><em>vel</em></strong></span> <span class='ocrx_word' id='word_1_220' title='bbox 778 2695 839 2760; x_wconf 80' lang='grc' dir='ltr'><strong><em>ἔσχε</em></strong></span> <span class='ocrx_word' id='word_1_221' title='bbox 854 2695 938 2746; x_wconf 76' lang='lat' dir='ltr'>Arion.</span> <span class='ocrx_word' id='word_1_222' title='bbox 1008 2700 1040 2749; x_wconf 86' lang='lat'><strong><em>15</em></strong></span> <span class='ocrx_word' id='word_1_223' title='bbox 1060 2704 1111 2747; x_wconf 82' lang='grc' dir='ltr'><strong><em>τοῦ</em></strong></span> <span class='ocrx_word' id='word_1_224' title='bbox 1126 2692 1214 2766; x_wconf 80' lang='grc' dir='ltr'><strong><em>λέγειν</em></strong></span> <span class='ocrx_word' id='word_1_225' title='bbox 1231 2695 1328 2746; x_wconf 75' lang='lat' dir='ltr'>rectius</span> <span class='ocrx_word' id='word_1_226' title='bbox 1344 2695 1407 2744; x_wconf 81' lang='lat' dir='ltr'>lori.</span> 
     </span>
     <span class='ocr_line' id='line_1_23' title="bbox 146 2777 1406 2846; baseline -0.002 -13"><span class='ocrx_word' id='word_1_227' title='bbox 146 2783 233 2833; x_wconf 86' lang='lat' dir='ltr'><strong>Anon.</strong></span> <span class='ocrx_word' id='word_1_228' title='bbox 245 2781 345 2831; x_wconf 78' lang='lat' dir='ltr'>codices</span> <span class='ocrx_word' id='word_1_229' title='bbox 357 2780 521 2844; x_wconf 65' lang='lat' dir='ltr'>GWenetus)</span> <span class='ocrx_word' id='word_1_230' title='bbox 534 2780 696 2844; x_wconf 57' lang='lat' dir='ltr'>vellemus)</span> <span class='ocrx_word' id='word_1_231' title='bbox 715 2780 850 2844; x_wconf 58' lang='lat' dir='ltr'>Emensis)</span> <span class='ocrx_word' id='word_1_232' title='bbox 915 2777 1107 2846; x_wconf 70' lang='grc' dir='ltr'><strong><em>ἐπιτηδεύουσι</em></strong></span> <span class='ocrx_word' id='word_1_233' title='bbox 1124 2784 1170 2832; x_wconf 87' lang='grc' dir='ltr'><strong><em>καί</em></strong></span> <span class='ocrx_word' id='word_1_234' title='bbox 1184 2782 1271 2832; x_wconf 82' lang='lat' dir='ltr'><strong>Anon.</strong></span> <span class='ocrx_word' id='word_1_235' title='bbox 1282 2781 1341 2843; x_wconf 82' lang='grc' dir='ltr'><strong><em>ΠΕ,</em></strong></span> <span class='ocrx_word' id='word_1_236' title='bbox 1360 2783 1406 2830; x_wconf 81' lang='grc' dir='ltr'><strong><em>καί</em></strong></span> 
     </span>
     <span class='ocr_line' id='line_1_24' title="bbox 113 2861 1405 2931; baseline -0.001 -15"><span class='ocrx_word' id='word_1_237' title='bbox 113 2915 116 2923; x_wconf 86' lang='grc'><strong><em>,</em></strong></span> <span class='ocrx_word' id='word_1_238' title='bbox 146 2861 339 2931; x_wconf 67' lang='grc' dir='ltr'><strong><em>έπιτηδεέειθ</em></strong></span> <span class='ocrx_word' id='word_1_239' title='bbox 386 2868 418 2918; x_wconf 86' lang='grc'><strong><em>16</em></strong></span> <span class='ocrx_word' id='word_1_240' title='bbox 435 2867 530 2916; x_wconf 75' lang='lat' dir='ltr'>lacuna</span> <span class='ocrx_word' id='word_1_241' title='bbox 541 2866 688 2929; x_wconf 82' lang='lat' dir='ltr'>supplenda</span> <span class='ocrx_word' id='word_1_242' title='bbox 699 2866 733 2915; x_wconf 82' lang='lat' dir='ltr'><strong><em>ed</em></strong></span> <span class='ocrx_word' id='word_1_243' title='bbox 745 2865 870 2915; x_wconf 77' lang='lat' dir='ltr'>Euanthii</span> <span class='ocrx_word' id='word_1_244' title='bbox 883 2866 964 2917; x_wconf 83' lang='lat' dir='ltr'>verbe</span> <span class='ocrx_word' id='word_1_245' title='bbox 974 2867 1044 2916; x_wconf 82' lang='lat' dir='ltr'>inire</span> <span class='ocrx_word' id='word_1_246' title='bbox 1055 2883 1081 2915; x_wconf 91' lang='lat' dir='ltr'><strong><em>n.</em></strong></span> <span class='ocrx_word' id='word_1_247' title='bbox 1091 2867 1146 2917; x_wconf 91' lang='lat' dir='ltr'><strong><em>XII</em></strong></span> <span class='ocrx_word' id='word_1_248' title='bbox 1155 2882 1181 2930; x_wconf 91' lang='lat' dir='ltr'><strong><em>p.</em></strong></span> <span class='ocrx_word' id='word_1_249' title='bbox 1191 2869 1233 2929; x_wconf 78' lang='lat'><strong><em>64,</em></strong></span> <span class='ocrx_word' id='word_1_250' title='bbox 1243 2869 1276 2918; x_wconf 82' lang='lat'><strong><em>68</em></strong></span> <span class='ocrx_word' id='word_1_251' title='bbox 1324 2868 1357 2917; x_wconf 88' lang='grc'><strong><em>16</em></strong></span> <span class='ocrx_word' id='word_1_252' title='bbox 1367 2880 1405 2928; x_wconf 86' lang='lat' dir='ltr'><strong><em>sq.</em></strong></span> 
     </span>
     <span class='ocr_line' id='line_1_25' title="bbox 145 2945 1405 3018; baseline -0.002 -16"><span class='ocrx_word' id='word_1_253' title='bbox 145 2953 162 3016; x_wconf 82' lang='grc' dir='ltr'><em>ἡ</em></span> <span class='ocrx_word' id='word_1_254' title='bbox 174 2953 227 3017; x_wconf 86' lang='grc' dir='ltr'><strong><em>μέν</em></strong></span> <span class='ocrx_word' id='word_1_255' title='bbox 239 2953 289 3002; x_wconf 86' lang='grc' dir='ltr'><strong><em>νέα</em></strong></span> <span class='ocrx_word' id='word_1_256' title='bbox 307 2951 379 3001; x_wconf 77' lang='grc' dir='ltr'><strong><em>κατὰ</em></strong></span> <span class='ocrx_word' id='word_1_257' title='bbox 392 2952 424 3001; x_wconf 90' lang='grc' dir='ltr'><strong><em>τδ</em></strong></span> <span class='ocrx_word' id='word_1_258' title='bbox 436 2945 568 3001; x_wconf 69' lang='grc' dir='ltr'><strong><em>πλεῖστον</em></strong></span> <span class='ocrx_word' id='word_1_259' title='bbox 585 2953 732 3018; x_wconf 83' lang='grc' dir='ltr'><strong><em>στρέφεται</em></strong></span> <span class='ocrx_word' id='word_1_260' title='bbox 750 2953 814 3017; x_wconf 85' lang='grc' dir='ltr'><strong><em>περί</em></strong></span> <span class='ocrx_word' id='word_1_261' title='bbox 834 2952 866 3001; x_wconf 89' lang='grc' dir='ltr'><strong><em>τδ</em></strong></span> <span class='ocrx_word' id='word_1_262' title='bbox 878 2953 1018 3017; x_wconf 80' lang='grc' dir='ltr'><strong><em>ίαμβικόν,</em></strong></span> <span class='ocrx_word' id='word_1_263' title='bbox 1037 2956 1163 3003; x_wconf 65' lang='grc' dir='ltr'><strong><em>σπανίως</em></strong></span> <span class='ocrx_word' id='word_1_264' title='bbox 1181 2946 1211 3002; x_wconf 75' lang='grc' dir='ltr'><strong><em>δέ</em></strong></span> <span class='ocrx_word' id='word_1_265' title='bbox 1227 2954 1331 3018; x_wconf 80' lang='grc' dir='ltr'><strong><em>μέτρον</em></strong></span> <span class='ocrx_word' id='word_1_266' title='bbox 1349 2952 1405 3001; x_wconf 85' lang='grc' dir='ltr'><strong><em>έτε·</em></strong></span> 
     </span>
     <span class='ocr_line' id='line_1_26' title="bbox 145 3031 1407 3105; baseline -0.002 -18"><span class='ocrx_word' id='word_1_267' title='bbox 145 3055 196 3104; x_wconf 86' lang='grc' dir='ltr'><strong><em>ρον</em></strong></span> <span class='ocrx_word' id='word_1_268' title='bbox 212 3037 286 3104; x_wconf 83' lang='grc' dir='ltr'><strong><em>(περί</em></strong></span> <span class='ocrx_word' id='word_1_269' title='bbox 300 3037 331 3086; x_wconf 92' lang='grc' dir='ltr'><strong><em>τδ</em></strong></span> <span class='ocrx_word' id='word_1_270' title='bbox 344 3037 439 3103; x_wconf 84' lang='grc' dir='ltr'><strong><em>έτερον</em></strong></span> <span class='ocrx_word' id='word_1_271' title='bbox 449 3038 554 3104; x_wconf 84' lang='grc' dir='ltr'><strong><em>μέτρον</em></strong></span> <span class='ocrx_word' id='word_1_272' title='bbox 565 3036 599 3097; x_wconf 71' lang='lat' dir='ltr'><strong><em>Ul</em></strong></span> <span class='ocrx_word' id='word_1_273' title='bbox 610 3036 695 3086; x_wconf 87' lang='lat' dir='ltr'><strong>Anon.</strong></span> <span class='ocrx_word' id='word_1_274' title='bbox 764 3038 796 3087; x_wconf 85' lang='lat'><strong><em>18</em></strong></span> <span class='ocrx_word' id='word_1_275' title='bbox 814 3039 846 3086; x_wconf 83' lang='grc' dir='ltr'><strong><em>έν</em></strong></span> <span class='ocrx_word' id='word_1_276' title='bbox 864 3031 894 3087; x_wconf 82' lang='grc' dir='ltr'><strong><em>δέ</em></strong></span> <span class='ocrx_word' id='word_1_277' title='bbox 913 3040 958 3101; x_wconf 83' lang='grc' dir='ltr'><strong><em>τῆι</em></strong></span> <span class='ocrx_word' id='word_1_278' title='bbox 975 3031 1091 3087; x_wconf 78' lang='grc' dir='ltr'><strong><em>παλαιᾶι</em></strong></span> <span class='ocrx_word' id='word_1_279' title='bbox 1107 3036 1192 3088; x_wconf 83' lang='lat' dir='ltr'><strong>Anon.</strong></span> <span class='ocrx_word' id='word_1_280' title='bbox 1271 3038 1304 3087; x_wconf 87' lang='grc'><strong><em>19</em></strong></span> <span class='ocrx_word' id='word_1_281' title='bbox 1322 3042 1407 3105; x_wconf 80' lang='grc' dir='ltr'><strong><em>χοροῦ</em></strong></span> 
     </span>
     <span class='ocr_line' id='line_1_27' title="bbox 145 3115 1404 3186; baseline -0.001 -14"><span class='ocrx_word' id='word_1_282' title='bbox 145 3122 230 3173; x_wconf 80' lang='grc' dir='ltr'><strong><em>Αυου.</em></strong></span> <span class='ocrx_word' id='word_1_283' title='bbox 302 3115 332 3171; x_wconf 81' lang='grc' dir='ltr'><strong><em>δέ</em></strong></span> <span class='ocrx_word' id='word_1_284' title='bbox 344 3124 390 3170; x_wconf 83' lang='grc' dir='ltr'><strong><em>καί</em></strong></span> <span class='ocrx_word' id='word_1_285' title='bbox 401 3116 522 3186; x_wconf 85' lang='grc' dir='ltr'><strong><em>μάλιστα</em></strong></span> <span class='ocrx_word' id='word_1_286' title='bbox 539 3121 577 3179; x_wconf 80' lang='lat' dir='ltr'><strong><em>Q:</em></strong></span> <span class='ocrx_word' id='word_1_287' title='bbox 595 3115 626 3171; x_wconf 82' lang='grc' dir='ltr'><strong><em>δέ</em></strong></span> <span class='ocrx_word' id='word_1_288' title='bbox 641 3115 762 3185; x_wconf 82' lang='grc' dir='ltr'><strong><em>μάλιστα</em></strong></span> <span class='ocrx_word' id='word_1_289' title='bbox 779 3121 886 3183; x_wconf 84' lang='lat' dir='ltr'><strong>RMPV,</strong></span> <span class='ocrx_word' id='word_1_290' title='bbox 906 3116 936 3172; x_wconf 82' lang='grc' dir='ltr'><strong><em>δέ</em></strong></span> <span class='ocrx_word' id='word_1_291' title='bbox 955 3116 998 3171; x_wconf 69' lang='grc' dir='ltr'><strong><em>δεῖ</em></strong></span> <span class='ocrx_word' id='word_1_292' title='bbox 1013 3122 1098 3175; x_wconf 85' lang='lat' dir='ltr'><strong>Anon.</strong></span> <span class='ocrx_word' id='word_1_293' title='bbox 1168 3123 1208 3173; x_wconf 92' lang='grc'><strong><em>20.</em></strong></span> <span class='ocrx_word' id='word_1_294' title='bbox 1220 3124 1251 3173; x_wconf 88' lang='grc'><strong><em>21</em></strong></span> <span class='ocrx_word' id='word_1_295' title='bbox 1271 3123 1302 3172; x_wconf 79' lang='grc' dir='ltr'><strong><em>έν</em></strong></span> <span class='ocrx_word' id='word_1_296' title='bbox 1316 3115 1404 3172; x_wconf 83' lang='grc' dir='ltr'><strong><em>Ἀττι-</em></strong></span> 
     </span>
    </p>
   </div>
   <div class='ocr_carea' id='block_1_5' title="bbox 41 3205 1352 3274">
    <p class='ocr_par' dir='ltr' id='par_1_5' title="bbox 41 3205 1352 3274">
     <span class='ocr_line' id='line_1_28' title="bbox 41 3205 1352 3274; baseline -0.003 -16"><span class='ocrx_word' id='word_1_297' title='bbox 41 3234 43 3240; x_wconf 93' lang='grc'><em>·</em></span> <span class='ocrx_word' id='word_1_298' title='bbox 145 3211 191 3273; x_wconf 84' lang='grc' dir='ltr'><strong><em>ιιῆι</em></strong></span> <span class='ocrx_word' id='word_1_299' title='bbox 208 3207 256 3267; x_wconf 80' lang='lat' dir='ltr'><strong><em>Qv</em></strong></span> <span class='ocrx_word' id='word_1_300' title='bbox 274 3211 300 3257; x_wconf 81' lang='lat' dir='ltr'><strong><em>et</em></strong></span> <span class='ocrx_word' id='word_1_301' title='bbox 315 3207 401 3257; x_wconf 85' lang='lat' dir='ltr'><strong>Anon.</strong></span> <span class='ocrx_word' id='word_1_302' title='bbox 488 3207 521 3256; x_wconf 82' lang='lat'><strong><em>22</em></strong></span> <span class='ocrx_word' id='word_1_303' title='bbox 540 3207 603 3270; x_wconf 88' lang='grc' dir='ltr'><strong><em>περί</em></strong></span> <span class='ocrx_word' id='word_1_304' title='bbox 622 3205 804 3273; x_wconf 85' lang='grc' dir='ltr'><strong><em>Σαννυρίωνα</em></strong></span> <span class='ocrx_word' id='word_1_305' title='bbox 820 3206 905 3256; x_wconf 86' lang='lat' dir='ltr'><strong>Anon.</strong></span> <span class='ocrx_word' id='word_1_306' title='bbox 992 3208 1103 3274; x_wconf 77' lang='grc' dir='ltr'><strong><em>εἰσῆγον</em></strong></span> <span class='ocrx_word' id='word_1_307' title='bbox 1120 3207 1247 3256; x_wconf 65' lang='grc' dir='ltr'><strong><em>ἀτάκτοις</em></strong></span> <span class='ocrx_word' id='word_1_308' title='bbox 1267 3205 1352 3257; x_wconf 75' lang='lat' dir='ltr'><strong>Anon.</strong></span> 
     </span>
    </p>
   </div>
   <div class='ocr_carea' id='block_1_6' title="bbox 70 3284 1440 4550">
    <p class='ocr_par' dir='ltr' id='par_1_6' title="bbox 144 3284 1405 3951">
     <span class='ocr_line' id='line_1_29' title="bbox 146 3284 1404 3357; baseline -0.005 -13"><span class='ocrx_word' id='word_1_309' title='bbox 146 3295 188 3344; x_wconf 89' lang='grc'><strong><em>22.</em></strong></span> <span class='ocrx_word' id='word_1_310' title='bbox 198 3294 231 3344; x_wconf 92' lang='grc'><strong><em>23</em></strong></span> <span class='ocrx_word' id='word_1_311' title='bbox 249 3294 296 3342; x_wconf 83' lang='grc' dir='ltr'><strong><em>καί</em></strong></span> <span class='ocrx_word' id='word_1_312' title='bbox 312 3293 399 3356; x_wconf 78' lang='grc' dir='ltr'><strong><em>μόνοι</em></strong></span> <span class='ocrx_word' id='word_1_313' title='bbox 416 3288 450 3355; x_wconf 76' lang='grc' dir='ltr'><strong><em>ἦν</em></strong></span> <span class='ocrx_word' id='word_1_314' title='bbox 466 3284 551 3357; x_wconf 81' lang='grc' dir='ltr'><strong><em>γέλωε</em></strong></span> <span class='ocrx_word' id='word_1_315' title='bbox 565 3291 650 3339; x_wconf 81' lang='lat' dir='ltr'><strong>Anon.</strong></span> <span class='ocrx_word' id='word_1_316' title='bbox 709 3291 742 3340; x_wconf 82' lang='lat'><strong><em>24</em></strong></span> <span class='ocrx_word' id='word_1_317' title='bbox 761 3291 895 3355; x_wconf 68' lang='grc' dir='ltr'><strong><em>συστήσας</em></strong></span> <span class='ocrx_word' id='word_1_318' title='bbox 911 3292 996 3343; x_wconf 74' lang='lat' dir='ltr'>Arion.</span> <span class='ocrx_word' id='word_1_319' title='bbox 1013 3291 1134 3356; x_wconf 79' lang='lat' dir='ltr'>plerique</span> <span class='ocrx_word' id='word_1_320' title='bbox 1150 3291 1212 3341; x_wconf 88' lang='lat' dir='ltr'>libri</span> <span class='ocrx_word' id='word_1_321' title='bbox 1266 3291 1299 3341; x_wconf 86' lang='grc'><strong><em>26</em></strong></span> <span class='ocrx_word' id='word_1_322' title='bbox 1317 3289 1404 3357; x_wconf 80' lang='grc' dir='ltr'><strong><em>πράτ-</em></strong></span> 
     </span>
     <span class='ocr_line' id='line_1_30' title="bbox 147 3369 1403 3442; baseline -0.005 -13"><span class='ocrx_word' id='word_1_323' title='bbox 147 3392 248 3429; x_wconf 80' lang='grc' dir='ltr'><strong><em>τοντσε</em></strong></span> <span class='ocrx_word' id='word_1_324' title='bbox 262 3378 348 3428; x_wconf 80' lang='lat' dir='ltr'><strong>Anon.</strong></span> <span class='ocrx_word' id='word_1_325' title='bbox 418 3378 450 3427; x_wconf 82' lang='grc'><strong><em>27</em></strong></span> <span class='ocrx_word' id='word_1_326' title='bbox 469 3376 528 3426; x_wconf 79' lang='lat' dir='ltr'>fori.</span> <span class='ocrx_word' id='word_1_327' title='bbox 547 3369 608 3424; x_wconf 75' lang='grc' dir='ltr'><strong><em>ἀλλ’</em></strong></span> <span class='ocrx_word' id='word_1_328' title='bbox 626 3374 669 3424; x_wconf 75' lang='grc' dir='ltr'><strong><em>ἔτι</em></strong></span> <span class='ocrx_word' id='word_1_329' title='bbox 684 3376 742 3439; x_wconf 75' lang='grc' dir='ltr'><strong><em>μὴν</em></strong></span> <span class='ocrx_word' id='word_1_330' title='bbox 810 3377 844 3428; x_wconf 90' lang='grc'><strong><em>29</em></strong></span> <span class='ocrx_word' id='word_1_331' title='bbox 863 3377 914 3440; x_wconf 81' lang='grc' dir='ltr'><strong><em>τήν</em></strong></span> <span class='ocrx_word' id='word_1_332' title='bbox 931 3395 1000 3441; x_wconf 87' lang='grc' dir='ltr'><strong><em>κωμ.</em></strong></span> <span class='ocrx_word' id='word_1_333' title='bbox 1020 3375 1079 3427; x_wconf 79' lang='grc' dir='ltr'><strong><em>τῶν</em></strong></span> <span class='ocrx_word' id='word_1_334' title='bbox 1094 3369 1165 3442; x_wconf 68' lang='grc' dir='ltr'><strong><em>μεθ’</em></strong></span> <span class='ocrx_word' id='word_1_335' title='bbox 1180 3377 1282 3426; x_wconf 78' lang='grc' dir='ltr'><strong><em>έαυτοῦ</em></strong></span> <span class='ocrx_word' id='word_1_336' title='bbox 1296 3373 1403 3438; x_wconf 79' lang='lat' dir='ltr'>scripsi:</span> 
     </span>
     <span class='ocr_line' id='line_1_31' title="bbox 146 3453 1405 3529; baseline -0.002 -16"><span class='ocrx_word' id='word_1_337' title='bbox 146 3462 206 3513; x_wconf 81' lang='grc' dir='ltr'><strong><em>τῶν</em></strong></span> <span class='ocrx_word' id='word_1_338' title='bbox 223 3453 295 3529; x_wconf 70' lang='grc' dir='ltr'><strong><em>μεθ&gt;</em></strong></span> <span class='ocrx_word' id='word_1_339' title='bbox 308 3464 409 3511; x_wconf 83' lang='grc' dir='ltr'><strong><em>έαντοῦ</em></strong></span> <span class='ocrx_word' id='word_1_340' title='bbox 425 3461 476 3524; x_wconf 82' lang='grc' dir='ltr'><strong><em>τήν</em></strong></span> <span class='ocrx_word' id='word_1_341' title='bbox 493 3479 564 3525; x_wconf 85' lang='grc' dir='ltr'><strong><em>καιμ.</em></strong></span> <span class='ocrx_word' id='word_1_342' title='bbox 575 3461 659 3509; x_wconf 82' lang='lat' dir='ltr'><strong>Anon.</strong></span> <span class='ocrx_word' id='word_1_343' title='bbox 679 3461 730 3524; x_wconf 81' lang='grc' dir='ltr'><strong><em>τήν</em></strong></span> <span class='ocrx_word' id='word_1_344' title='bbox 747 3479 816 3526; x_wconf 87' lang='grc' dir='ltr'><strong><em>κωμ.</em></strong></span> <span class='ocrx_word' id='word_1_345' title='bbox 836 3463 867 3511; x_wconf 81' lang='grc' dir='ltr'><strong><em>έν</em></strong></span> <span class='ocrx_word' id='word_1_346' title='bbox 885 3464 982 3526; x_wconf 81' lang='grc' dir='ltr'><strong><em>ταδτηι</em></strong></span> <span class='ocrx_word' id='word_1_347' title='bbox 998 3462 1106 3512; x_wconf 75' lang='lat' dir='ltr'>Tzetzae</span> <span class='ocrx_word' id='word_1_348' title='bbox 1124 3461 1198 3513; x_wconf 79' lang='lat' dir='ltr'><strong>oodd.</strong></span> <span class='ocrx_word' id='word_1_349' title='bbox 1251 3454 1405 3526; x_wconf 81' lang='grc' dir='ltr'><strong><em>ένέλσμψεν</em></strong></span> 
     </span>
     <span class='ocr_line' id='line_1_32' title="bbox 144 3538 1405 3615; baseline 0 -19"><span class='ocrx_word' id='word_1_350' title='bbox 144 3548 229 3598; x_wconf 86' lang='lat' dir='ltr'><strong>Anon.</strong></span> <span class='ocrx_word' id='word_1_351' title='bbox 320 3549 354 3598; x_wconf 90' lang='grc'><strong><em>30</em></strong></span> <span class='ocrx_word' id='word_1_352' title='bbox 379 3549 488 3615; x_wconf 72' lang='lat' dir='ltr'><strong><em>purvele:</em></strong></span> <span class='ocrx_word' id='word_1_353' title='bbox 515 3543 616 3613; x_wconf 77' lang='grc' dir='ltr'><strong><em>ὀφθείε</em></strong></span> <span class='ocrx_word' id='word_1_354' title='bbox 635 3545 709 3594; x_wconf 77' lang='grc' dir='ltr'><strong><em>σέτω</em></strong></span> <span class='ocrx_word' id='word_1_355' title='bbox 732 3545 791 3608; x_wconf 78' lang='lat' dir='ltr'>(hoe</span> <span class='ocrx_word' id='word_1_356' title='bbox 813 3560 862 3596; x_wconf 89' lang='lat' dir='ltr'><strong><em>om.</em></strong></span> <span class='ocrx_word' id='word_1_357' title='bbox 880 3546 926 3610; x_wconf 82' lang='lat' dir='ltr'><strong><em>U),</em></strong></span> <span class='ocrx_word' id='word_1_358' title='bbox 952 3550 998 3597; x_wconf 88' lang='grc' dir='ltr'><strong><em>καί</em></strong></span> <span class='ocrx_word' id='word_1_359' title='bbox 1021 3548 1095 3597; x_wconf 70' lang='grc' dir='ltr'><strong><em>οὕτω</em></strong></span> <span class='ocrx_word' id='word_1_360' title='bbox 1120 3551 1215 3596; x_wconf 78' lang='grc' dir='ltr'><strong><em>πᾶσαν</em></strong></span> <span class='ocrx_word' id='word_1_361' title='bbox 1240 3538 1405 3611; x_wconf 83' lang='grc' dir='ltr'><strong><em>κωμωιδίσιν</em></strong></span> 
     </span>
     <span class='ocr_line' id='line_1_33' title="bbox 145 3619 1404 3700; baseline -0.002 -19"><span class='ocrx_word' id='word_1_362' title='bbox 145 3626 296 3697; x_wconf 75' lang='grc' dir='ltr'><strong><em>ἐμελέτησε.</em></strong></span> <span class='ocrx_word' id='word_1_363' title='bbox 331 3634 377 3681; x_wconf 84' lang='grc' dir='ltr'><strong><em>καί</em></strong></span> <span class='ocrx_word' id='word_1_364' title='bbox 401 3632 453 3700; x_wconf 75' lang='grc' dir='ltr'><strong><em>γὰρ</em></strong></span> <span class='ocrx_word' id='word_1_365' title='bbox 478 3631 511 3680; x_wconf 89' lang='grc' dir='ltr'><strong><em>τδ</em></strong></span> <span class='ocrx_word' id='word_1_366' title='bbox 536 3632 636 3680; x_wconf 78' lang='grc' dir='ltr'><strong><em>τούτου</em></strong></span> <span class='ocrx_word' id='word_1_367' title='bbox 661 3623 754 3695; x_wconf 80' lang='grc' dir='ltr'><strong><em>δρᾶμα</em></strong></span> <span class='ocrx_word' id='word_1_368' title='bbox 771 3631 787 3679; x_wconf 87' lang='grc' dir='ltr'><strong><em>δ</em></strong></span> <span class='ocrx_word' id='word_1_369' title='bbox 804 3625 930 3682; x_wconf 71' lang='grc' dir='ltr'><strong><em>Πλοῦτον</em></strong></span> <span class='ocrx_word' id='word_1_370' title='bbox 951 3631 1108 3698; x_wconf 85' lang='grc' dir='ltr'><strong><em>νεωτερίζει</em></strong></span> <span class='ocrx_word' id='word_1_371' title='bbox 1132 3631 1204 3682; x_wconf 77' lang='grc' dir='ltr'><strong><em>κατὰ</em></strong></span> <span class='ocrx_word' id='word_1_372' title='bbox 1226 3619 1260 3680; x_wconf 88' lang='grc' dir='ltr'><strong><em>τδ</em></strong></span> <span class='ocrx_word' id='word_1_373' title='bbox 1276 3623 1404 3694; x_wconf 83' lang='grc' dir='ltr'><strong><em>πλάσμα·</em></strong></span> 
     </span>
     <span class='ocr_line' id='line_1_34' title="bbox 147 3709 1405 3784; baseline -0.002 -18"><span class='ocrx_word' id='word_1_374' title='bbox 147 3717 198 3780; x_wconf 82' lang='grc' dir='ltr'><strong><em>τήν</em></strong></span> <span class='ocrx_word' id='word_1_375' title='bbox 217 3733 247 3766; x_wconf 85' lang='grc' dir='ltr'><strong><em>τε</em></strong></span> <span class='ocrx_word' id='word_1_376' title='bbox 267 3718 319 3784; x_wconf 77' lang='grc' dir='ltr'><strong><em>γὰρ</em></strong></span> <span class='ocrx_word' id='word_1_377' title='bbox 337 3717 478 3766; x_wconf 73' lang='grc' dir='ltr'><strong><em>ὑπόθεσιν</em></strong></span> <span class='ocrx_word' id='word_1_378' title='bbox 503 3716 541 3765; x_wconf 73' lang='lat' dir='ltr'><strong><em>cis</em></strong></span> <span class='ocrx_word' id='word_1_379' title='bbox 562 3709 657 3780; x_wconf 78' lang='grc' dir='ltr'><strong><em>ἀληθῆ</em></strong></span> <span class='ocrx_word' id='word_1_380' title='bbox 672 3713 726 3779; x_wconf 74' lang='grc' dir='ltr'><strong><em>ἔχει</em></strong></span> <span class='ocrx_word' id='word_1_381' title='bbox 746 3717 792 3764; x_wconf 88' lang='grc' dir='ltr'><strong><em>καί</em></strong></span> <span class='ocrx_word' id='word_1_382' title='bbox 810 3721 902 3781; x_wconf 81' lang='grc' dir='ltr'><strong><em>χορῶν</em></strong></span> <span class='ocrx_word' id='word_1_383' title='bbox 924 3718 1080 3784; x_wconf 81' lang='grc' dir='ltr'><strong><em>έστέρηται,</em></strong></span> <span class='ocrx_word' id='word_1_384' title='bbox 1104 3717 1173 3784; x_wconf 77' lang='grc' dir='ltr'><strong><em>ὅπερ</em></strong></span> <span class='ocrx_word' id='word_1_385' title='bbox 1198 3719 1247 3780; x_wconf 83' lang='grc' dir='ltr'><strong><em>τῆε</em></strong></span> <span class='ocrx_word' id='word_1_386' title='bbox 1268 3716 1405 3781; x_wconf 84' lang='grc' dir='ltr'><strong><em>νεωτέραε</em></strong></span> 
     </span>
     <span class='ocr_line' id='line_1_35' title="bbox 145 3795 1403 3868; baseline -0.002 -17"><span class='ocrx_word' id='word_1_387' title='bbox 145 3803 249 3868; x_wconf 72' lang='grc' dir='ltr'><strong><em>ὑπῆρχε</em></strong></span> <span class='ocrx_word' id='word_1_388' title='bbox 266 3795 427 3867; x_wconf 78' lang='grc' dir='ltr'><strong><em>κωμωιδίαε</em></strong></span> <span class='ocrx_word' id='word_1_389' title='bbox 441 3801 527 3850; x_wconf 85' lang='lat' dir='ltr'><strong>Anon.</strong></span> <span class='ocrx_word' id='word_1_390' title='bbox 545 3815 612 3863; x_wconf 84' lang='lat' dir='ltr'>quae</span> <span class='ocrx_word' id='word_1_391' title='bbox 630 3803 690 3849; x_wconf 79' lang='lat' dir='ltr'>suni</span> <span class='ocrx_word' id='word_1_392' title='bbox 707 3799 780 3849; x_wconf 88' lang='lat' dir='ltr'>illius</span> <span class='ocrx_word' id='word_1_393' title='bbox 798 3800 972 3853; x_wconf 72' lang='lat' dir='ltr'>additamenta</span> <span class='ocrx_word' id='word_1_394' title='bbox 993 3802 1040 3865; x_wconf 89' lang='lat' dir='ltr'>qui</span> <span class='ocrx_word' id='word_1_395' title='bbox 1059 3802 1167 3852; x_wconf 81' lang='lat' dir='ltr'><strong>Plutum</strong></span> <span class='ocrx_word' id='word_1_396' title='bbox 1188 3799 1304 3850; x_wconf 72' lang='lat' dir='ltr'>fabulam</span> <span class='ocrx_word' id='word_1_397' title='bbox 1323 3799 1403 3849; x_wconf 81' lang='lat' dir='ltr'>inter·</span> 
     </span>
     <span class='ocr_line' id='line_1_36' title="bbox 144 3887 598 3951; baseline -0.002 -15"><span class='ocrx_word' id='word_1_398' title='bbox 144 3893 296 3951; x_wconf 73' lang='lat' dir='ltr'>prolaturus</span> <span class='ocrx_word' id='word_1_399' title='bbox 313 3887 377 3936; x_wconf 82' lang='lat' dir='ltr'>haee</span> <span class='ocrx_word' id='word_1_400' title='bbox 394 3887 526 3950; x_wconf 75' lang='lat' dir='ltr'>praefatus</span> <span class='ocrx_word' id='word_1_401' title='bbox 543 3891 598 3936; x_wconf 82' lang='lat' dir='ltr'>eret</span> 
     </span>
    </p>

    <p class='ocr_par' dir='ltr' id='par_1_7' title="bbox 70 3967 1440 4550">
     <span class='ocr_line' id='line_1_37' title="bbox 231 3967 1404 4034; baseline -0.002 -14"><span class='ocrx_word' id='word_1_402' title='bbox 231 3972 270 4022; x_wconf 88' lang='lat' dir='ltr'><strong><em>IV</em></strong></span> <span class='ocrx_word' id='word_1_403' title='bbox 293 3973 383 4022; x_wconf 85' lang='lat' dir='ltr'>eadem</span> <span class='ocrx_word' id='word_1_404' title='bbox 399 3971 532 4021; x_wconf 87' lang='lat' dir='ltr'>Duebneri</span> <span class='ocrx_word' id='word_1_405' title='bbox 548 3970 688 4034; x_wconf 82' lang='lat' dir='ltr'>Anon.VI‚</span> <span class='ocrx_word' id='word_1_406' title='bbox 707 3970 781 4025; x_wconf 82' lang='lat' dir='ltr'>euius</span> <span class='ocrx_word' id='word_1_407' title='bbox 799 3971 898 4021; x_wconf 85' lang='lat' dir='ltr'>eodiees</span> <span class='ocrx_word' id='word_1_408' title='bbox 910 3971 1215 4034; x_wconf 75' lang='lat' dir='ltr'>VGOM(ediolanensls);</span> <span class='ocrx_word' id='word_1_409' title='bbox 1237 3969 1266 4018; x_wconf 90' lang='lat' dir='ltr'>in</span> <span class='ocrx_word' id='word_1_410' title='bbox 1286 3967 1336 4018; x_wconf 75' lang='lat' dir='ltr'><strong><em>orl</em></strong></span> <span class='ocrx_word' id='word_1_411' title='bbox 1353 3968 1404 4018; x_wconf 81' lang='lat' dir='ltr'><strong><em>hoe</em></strong></span> 
     </span>
     <span class='ocr_line' id='line_1_38' title="bbox 70 4054 1440 4127; baseline -0.004 -18"><span class='ocrx_word' id='word_1_412' title='bbox 70 4118 73 4127; x_wconf 43' lang='lat'>‚</span> <span class='ocrx_word' id='word_1_413' title='bbox 145 4062 224 4122; x_wconf 79' lang='lat' dir='ltr'>eaput</span> <span class='ocrx_word' id='word_1_414' title='bbox 242 4062 300 4121; x_wconf 79' lang='lat' dir='ltr'>post</span> <span class='ocrx_word' id='word_1_415' title='bbox 316 4057 400 4107; x_wconf 88' lang='lat' dir='ltr'><strong>Anon.</strong></span> <span class='ocrx_word' id='word_1_416' title='bbox 418 4058 457 4107; x_wconf 85' lang='lat' dir='ltr'><strong><em>IV</em></strong></span> <span class='ocrx_word' id='word_1_417' title='bbox 476 4057 566 4121; x_wconf 80' lang='lat' dir='ltr'>(supra</span> <span class='ocrx_word' id='word_1_418' title='bbox 582 4073 609 4120; x_wconf 89' lang='lat' dir='ltr'><strong><em>p.</em></strong></span> <span class='ocrx_word' id='word_1_419' title='bbox 628 4059 671 4116; x_wconf 83' lang='lat'><strong><em>12)</em></strong></span> <span class='ocrx_word' id='word_1_420' title='bbox 693 4057 819 4119; x_wconf 85' lang='lat' dir='ltr'>sequitur,</span> <span class='ocrx_word' id='word_1_421' title='bbox 842 4071 954 4119; x_wconf 79' lang='lat' dir='ltr'><strong>quocum</strong></span> <span class='ocrx_word' id='word_1_422' title='bbox 971 4060 1028 4105; x_wconf 77' lang='lat' dir='ltr'>erte</span> <span class='ocrx_word' id='word_1_423' title='bbox 1045 4056 1191 4120; x_wconf 76' lang='lat' dir='ltr'>argumenti</span> <span class='ocrx_word' id='word_1_424' title='bbox 1213 4054 1404 4105; x_wconf 75' lang='lat' dir='ltr'>neeessitudins</span> <span class='ocrx_word' id='word_1_425' title='bbox 1437 4086 1440 4091; x_wconf 93' lang='lat'>-</span> 
     </span>
     <span class='ocr_line' id='line_1_39' title="bbox 145 4135 1405 4210; baseline -0.002 -18"><span class='ocrx_word' id='word_1_426' title='bbox 145 4145 312 4193; x_wconf 80' lang='lat' dir='ltr'>coniunctum</span> <span class='ocrx_word' id='word_1_427' title='bbox 324 4147 364 4193; x_wconf 79' lang='lat' dir='ltr'><strong><em>est</em></strong></span> <span class='ocrx_word' id='word_1_428' title='bbox 415 4144 447 4193; x_wconf 88' lang='grc'><strong><em>31</em></strong></span> <span class='ocrx_word' id='word_1_429' title='bbox 467 4143 483 4191; x_wconf 85' lang='grc' dir='ltr'><strong><em>ὀ</em></strong></span> <span class='ocrx_word' id='word_1_430' title='bbox 501 4135 532 4191; x_wconf 83' lang='grc' dir='ltr'><strong><em>δέ</em></strong></span> <span class='ocrx_word' id='word_1_431' title='bbox 548 4136 632 4209; x_wconf 70' lang='grc' dir='ltr'><strong><em>γέλως</em></strong></span> <span class='ocrx_word' id='word_1_432' title='bbox 648 4142 742 4191; x_wconf 81' lang='lat' dir='ltr'>Tzetza</span> <span class='ocrx_word' id='word_1_433' title='bbox 753 4146 779 4190; x_wconf 80' lang='lat' dir='ltr'><strong><em>et</em></strong></span> <span class='ocrx_word' id='word_1_434' title='bbox 790 4141 873 4191; x_wconf 82' lang='lat' dir='ltr'><strong>Anon.</strong></span> <span class='ocrx_word' id='word_1_435' title='bbox 887 4143 942 4191; x_wconf 84' lang='lat' dir='ltr'>eod.</span> <span class='ocrx_word' id='word_1_436' title='bbox 955 4141 996 4190; x_wconf 83' lang='lat' dir='ltr'><strong><em>ll:</em></strong></span> <span class='ocrx_word' id='word_1_437' title='bbox 1015 4143 1060 4192; x_wconf 82' lang='grc' dir='ltr'><strong><em>δτι</em></strong></span> <span class='ocrx_word' id='word_1_438' title='bbox 1077 4144 1092 4192; x_wconf 84' lang='grc' dir='ltr'><strong><em>δ</em></strong></span> <span class='ocrx_word' id='word_1_439' title='bbox 1109 4136 1194 4210; x_wconf 69' lang='grc' dir='ltr'><strong><em>γέλων</em></strong></span> <span class='ocrx_word' id='word_1_440' title='bbox 1209 4140 1293 4191; x_wconf 82' lang='lat' dir='ltr'>Anon.</span> <span class='ocrx_word' id='word_1_441' title='bbox 1306 4139 1405 4204; x_wconf 80' lang='lat' dir='ltr'>reliqui</span> 
     </span>
     <span class='ocr_line' id='line_1_40' title="bbox 144 4221 1341 4292; baseline -0.003 -14"><span class='ocrx_word' id='word_1_442' title='bbox 144 4228 207 4278; x_wconf 87' lang='lat' dir='ltr'>libri</span> <span class='ocrx_word' id='word_1_443' title='bbox 270 4229 303 4280; x_wconf 87' lang='grc'><strong><em>32</em></strong></span> <span class='ocrx_word' id='word_1_444' title='bbox 323 4231 370 4292; x_wconf 84' lang='grc' dir='ltr'><strong><em>τῆε</em></strong></span> <span class='ocrx_word' id='word_1_445' title='bbox 387 4221 484 4286; x_wconf 75' lang='grc' dir='ltr'><strong><em>λέξεων</em></strong></span> <span class='ocrx_word' id='word_1_446' title='bbox 499 4227 583 4276; x_wconf 81' lang='lat' dir='ltr'><strong>Anon.</strong></span> <span class='ocrx_word' id='word_1_447' title='bbox 602 4227 706 4289; x_wconf 76' lang='lat' dir='ltr'>rectius,</span> <span class='ocrx_word' id='word_1_448' title='bbox 724 4225 791 4275; x_wconf 76' lang='lat' dir='ltr'>siout</span> <span class='ocrx_word' id='word_1_449' title='bbox 802 4227 879 4276; x_wconf 74' lang='lat' dir='ltr'>etiarn</span> <span class='ocrx_word' id='word_1_450' title='bbox 897 4243 922 4277; x_wconf 86' lang='lat' dir='ltr'><strong><em>v.</em></strong></span> <span class='ocrx_word' id='word_1_451' title='bbox 932 4228 964 4277; x_wconf 88' lang='lat'><strong><em>31</em></strong></span> <span class='ocrx_word' id='word_1_452' title='bbox 983 4232 1097 4291; x_wconf 76' lang='lat' dir='ltr'>praestat</span> <span class='ocrx_word' id='word_1_453' title='bbox 1114 4222 1211 4286; x_wconf 73' lang='grc' dir='ltr'><strong><em>λέξεων</em></strong></span> <span class='ocrx_word' id='word_1_454' title='bbox 1227 4225 1341 4276; x_wconf 83' lang='lat' dir='ltr'>seribere</span> 
     </span>
     <span class='ocr_line' id='line_1_41' title="bbox 144 4307 1405 4381; baseline -0.004 -16"><span class='ocrx_word' id='word_1_455' title='bbox 144 4315 178 4365; x_wconf 87' lang='grc'><strong><em>33</em></strong></span> <span class='ocrx_word' id='word_1_456' title='bbox 188 4328 227 4376; x_wconf 72' lang='grc' dir='ltr'><strong><em>νᾳ.</em></strong></span> <span class='ocrx_word' id='word_1_457' title='bbox 247 4307 476 4381; x_wconf 78' lang='grc' dir='ltr'><strong><em>διαφορουμένσιε</em></strong></span> <span class='ocrx_word' id='word_1_458' title='bbox 493 4311 546 4373; x_wconf 86' lang='lat' dir='ltr'>(vel</span> <span class='ocrx_word' id='word_1_459' title='bbox 563 4313 665 4377; x_wconf 71' lang='grc' dir='ltr'><strong><em>μενον)</em></strong></span> <span class='ocrx_word' id='word_1_460' title='bbox 690 4312 752 4361; x_wconf 80' lang='grc' dir='ltr'><strong><em>οἷον</em></strong></span> <span class='ocrx_word' id='word_1_461' title='bbox 776 4312 809 4360; x_wconf 93' lang='grc' dir='ltr'><strong><em>τδ</em></strong></span> <span class='ocrx_word' id='word_1_462' title='bbox 829 4312 941 4378; x_wconf 83' lang='grc' dir='ltr'><strong><em>μέτρου.</em></strong></span> <span class='ocrx_word' id='word_1_463' title='bbox 965 4307 1095 4379; x_wconf 77' lang='grc' dir='ltr'><strong><em>δεύτερον</em></strong></span> <span class='ocrx_word' id='word_1_464' title='bbox 1111 4313 1196 4361; x_wconf 79' lang='lat' dir='ltr'><strong>Anon.</strong></span> <span class='ocrx_word' id='word_1_465' title='bbox 1214 4311 1315 4361; x_wconf 85' lang='lat' dir='ltr'>omissis</span> <span class='ocrx_word' id='word_1_466' title='bbox 1335 4324 1405 4373; x_wconf 73' lang='lat' dir='ltr'>quas</span> 
     </span>
     <span class='ocr_line' id='line_1_42' title="bbox 144 4392 1404 4466; baseline 0 -20"><span class='ocrx_word' id='word_1_467' title='bbox 144 4397 298 4447; x_wconf 75' lang='lat' dir='ltr'>intermedia</span> <span class='ocrx_word' id='word_1_468' title='bbox 315 4402 390 4448; x_wconf 78' lang='lat' dir='ltr'>erent</span> <span class='ocrx_word' id='word_1_469' title='bbox 466 4398 507 4448; x_wconf 87' lang='grc'><strong><em>33.</em></strong></span> <span class='ocrx_word' id='word_1_470' title='bbox 518 4398 552 4448; x_wconf 88' lang='grc'><strong><em>34</em></strong></span> <span class='ocrx_word' id='word_1_471' title='bbox 571 4392 704 4465; x_wconf 76' lang='grc' dir='ltr'><strong><em>διάφοροι</em></strong></span> <span class='ocrx_word' id='word_1_472' title='bbox 719 4397 847 4446; x_wconf 75' lang='lat' dir='ltr'>inimicus</span> <span class='ocrx_word' id='word_1_473' title='bbox 865 4401 890 4446; x_wconf 83' lang='lat' dir='ltr'><strong><em>et</em></strong></span> <span class='ocrx_word' id='word_1_474' title='bbox 909 4399 942 4448; x_wconf 87' lang='grc' dir='ltr'><strong><em>τδ</em></strong></span> <span class='ocrx_word' id='word_1_475' title='bbox 954 4393 1091 4466; x_wconf 76' lang='grc' dir='ltr'><strong><em>διάφορον</em></strong></span> <span class='ocrx_word' id='word_1_476' title='bbox 1108 4396 1227 4458; x_wconf 73' lang='lat' dir='ltr'><strong><em>lucrum,</em></strong></span> <span class='ocrx_word' id='word_1_477' title='bbox 1244 4409 1404 4460; x_wconf 79' lang='lat' dir='ltr'>quamquem</span> 
     </span>
     <span class='ocr_line' id='line_1_43' title="bbox 104 4470 828 4550; baseline -0.003 -17"><span class='ocrx_word' id='word_1_478' title='bbox 104 4470 106 4475; x_wconf 41' lang='lat'><strong>¹</strong></span> <span class='ocrx_word' id='word_1_479' title='bbox 144 4487 266 4533; x_wconf 84' lang='lat' dir='ltr'>neutrum</span> <span class='ocrx_word' id='word_1_480' title='bbox 283 4482 363 4534; x_wconf 84' lang='lat' dir='ltr'>verbo</span> <span class='ocrx_word' id='word_1_481' title='bbox 381 4476 581 4550; x_wconf 68' lang='grc' dir='ltr'><strong><em>διαφορεῖσθαι</em></strong></span> <span class='ocrx_word' id='word_1_482' title='bbox 597 4481 709 4545; x_wconf 83' lang='lat' dir='ltr'>exprimi</span> <span class='ocrx_word' id='word_1_483' title='bbox 727 4485 828 4546; x_wconf 67' lang='lat' dir='ltr'><strong><em>poterat</em></strong></span> 
     </span>
    </p>
   </div>
   <div class='ocr_carea' id='block_1_7' title="bbox 0 0 1586 4800">
    <p class='ocr_par' dir='ltr' id='par_1_8' title="bbox 0 0 1586 4800">
     <span class='ocr_line' id='line_1_44' title="bbox 0 0 1586 4800; baseline 0 1"><span class='ocrx_word' id='word_1_484' title='bbox 0 0 1586 4800; x_wconf 95' lang='lat' dir='ltr'><strong><em> </em></strong></span> 
     </span>
    </p>
   </div>
  </div>
 </body>
</html>
