3164 4800
645 288 692 337 DE
710 285 891 339 COMOEDIA
908 285 1049 335 GRAECA

461 455 640 523 ἐπεισόδιον
669 461 702 523 δέ
725 460 822 539 ἐστιν,
846 454 891 534 ὡς
913 461 968 521 καί
991 459 1069 536 πρίν
1092 455 1183 536 ἐφην,

408 649 410 653 y
462 557 564 641 λόγος
585 558 705 641 μεταξὺ
728 557 814 643 πλὴν
836 567 945 639 μελῶν
966 564 1078 639 χορῶν
1100 554 1168 623 δύο.

462 662 480 728 έ
504 668 524 728 δ
531 661 540 685 '
563 661 674 742 ἐξοδός
696 687 745 740 τις
768 658 919 743 τυγχάνει
938 667 1044 743 χοροῦ
1066 656 1174 740 λόγος,

327 787 329 792 ’
417 776 447 825 25
461 764 542 843 μεθ’
564 762 605 832 ὃν
624 781 738 849 χοροῖς
761 763 823 830 οὐκ
846 765 912 829 ἐστι
933 788 965 827 τι
986 763 1091 841 λέγειν
1112 765 1218 844 μέρος.
1328 836 1331 841 ,

461 866 480 951 ἢ
505 871 590 948 λέξις
613 864 703 933 οὕτω
726 863 785 949 τὴν
809 871 963 948 διαίρεσιν
986 867 1084 947 φέρει,

455 967 501 1035 τὰ
527 965 546 1034 ἃ
570 972 713 1052 διηιρέθη
736 992 770 1032 τε
792 973 909 1048 λέξεως
932 970 1025 1047 λέγω.

506 1068 566 1154 τὴν
589 1069 744 1154 σκηνικὴν
767 1069 912 1154 ἄτμητον
936 1067 1036 1150 ωἰδήν
1057 1092 1113 1145 μοι
1136 1064 1214 1148 νόει,

462 1170 523 1254 τὴν
545 1181 607 1238 τοῦ
624 1181 730 1255 χοροῦ
753 1177 786 1238 δὲ
807 1179 949 1254 πενταχῆ
971 1172 1182 1253 τετμημένην·
1352 1246 1355 1250 η

419 1286 449 1336 30
464 1283 533 1341 τῶν
555 1273 732 1358 τμημάτων
754 1273 882 1362 κλήσεις
905 1277 938 1339 δὲ
960 1269 1105 1355 πάροδος
1127 1277 1181 1336 καί
1204 1269 1361 1349 στάσιμον

463 1373 485 1458 ἥ
506 1375 542 1441 τ’
566 1378 721 1458 ἐμμέλεια,
744 1375 869 1456 κομμὸς
891 1371 1007 1456 ἐξόδου
1028 1377 1116 1452 μέτα.

464 1481 516 1544 ἐτιί
538 1475 575 1544 τό
599 1488 753 1544 πλεῖστον
776 1481 837 1561 εἶχε
858 1475 922 1561 μὴν
945 1474 1052 1555 οὐτως
1074 1473 1159 1556 τάδε,

464 1596 592 1663 καιροῖς
613 1583 847 1664 μετετρέτιοντο
871 1580 905 1646 δ’
928 1583 961 1646 αί
983 1576 1088 1658 τάξεις
1110 1581 1202 1645 ποτέ·

465 1685 604 1749 έκαοτον
627 1682 739 1749 αὐτῶν
762 1682 905 1767 α’κριβῶς
928 1686 960 1748 δέ
980 1707 1037 1761 μοι
1058 1678 1151 1760 μάθε.

420 1797 450 1847 35
507 1783 526 1868 ἡ
549 1789 608 1863 μέν
631 1782 776 1869 πάροδος
799 1785 836 1870 δὴ
858 1800 929 1864 τοῖς
950 1794 1083 1862 θεαταῖς
1104 1779 1241 1849 δεικνύει
1317 1837 1319 1840 ⁴

464 1887 512 1953 δι’
534 1885 574 1970 ἣν
596 1886 748 1972 άφορμὴν
769 1887 789 1973 ἡ
809 1895 915 1972 χοροῦ
937 1892 1095 1953 κοινωνία

466 1993 623 2071 ἐγγίνεταί
644 2015 715 2069 πως
737 1996 782 2071 είς
803 1989 841 2057 τὸ
865 1986 1028 2074 δράματος
1048 1984 1157 2065 κάδος

465 2087 570 2159 άλλον
590 2101 696 2176 χοροῦ
718 2097 803 2173 λέξις
825 2118 859 2158 τε
881 2088 994 2175 πρώτη
1017 2086 1175 2171 τυγχάνει.

465 2193 565 2279 ωἰδὴν
587 2193 605 2260 δ
629 2194 805 2278 Εὐκλείδης
828 2198 871 2277 δέ,
893 2197 981 2274 λέξιν
1004 2191 1046 2260 οὐ
1068 2195 1161 2273 λέγει,

420 2310 450 2360 40
466 2297 566 2381 ωἰδὴν
585 2306 691 2380 χοροῦ
713 2293 899 2381 πρώτιστον
922 2295 1035 2372 αὐταῖς
1058 2290 1202 2373 εἰσόδοις,

465 2399 511 2479 ὡς
528 2399 618 2481 ισῖγα
642 2414 715 2480 σῖγα
737 2395 860 2465 λευκόν
880 2399 970 2480 ίχνος
992 2393 1152 2481 άρβύλης’
1173 2397 1253 2474 (Eur.
1273 2397 1321 2460 Or.
1348 2394 1432 2480 140),

464 2498 588 2567 ταύτὸν
610 2498 691 2583 τάχα
712 2503 861 2581 λέγοντες
883 2503 918 2565 ἐν
940 2509 1078 2578 πολλοῖς
1099 2495 1217 2579 λόγοις.

463 2600 542 2682 μετὰ
565 2599 714 2686 πάροδον
735 2601 910 2687 Εὐκλείδης
933 2600 1132 2686 έπιαάροδον
1155 2605 1247 2682 λέγει,

465 2703 569 2772 ἄλλον
589 2712 696 2788 χοροῦ
718 2703 752 2770 δ’
775 2706 901 2770 ἐλευσιν
924 2701 1026 2787 αὐτήν
1047 2729 1103 2781 μοι
1125 2706 1196 2782 λέγε

421 2822 451 2870 45
462 2818 567 2893 χοροῦ
589 2806 663 2887 μετ’
686 2809 846 2887 ἐξέλευσιν
869 2803 909 2885 ὃς
927 2812 1005 2889 πρίν
1027 2802 1069 2888 ἦν
1090 2808 1203 2886 λέγων.

489 2906 610 2991 ’ἐγνως
631 2914 691 2988 μέν
707 2905 804 2993 αὐτά.
843 2905 881 2973 τό
906 2905 1061 2986 στάσιμον
1083 2911 1117 2974 δέ
1138 2931 1195 2985 μοι
1213 2904 1310 2984 μάθε·

466 3011 541 3090 μετ’
564 3015 691 3078 είσοδον
712 3015 772 3089 μέν
795 3012 864 3092 έοχε
885 3008 944 3092 τὴν
966 3008 1059 3090 τάξιν
1082 3013 1202 3092 φέρειν,

466 3113 549 3181 όταν
571 3115 608 3180 τὸ
632 3121 767 3196 πρῶτον
790 3109 970 3178 ἐπεισόδιον
990 3117 1050 3191 μέν
1072 3120 1203 3193 γίνεται,

466 3224 527 3281 τῶι
550 3212 686 3299 δράματι
710 3213 745 3280 δ’
768 3211 865 3280 οὐτω
888 3222 1009 3279 τιτῶν
1032 3210 1186 3293 σκυλμοίν
1208 3217 1305 3297 μέρος

422 3331 451 3380 50
467 3317 530 3383 εἴτ’
552 3313 614 3384 οὐν
635 3315 711 3396 μετ’
734 3315 844 3382 αὐτῶν
867 3313 1045 3399 άξιόχρεων
1067 3315 1184 3395 πάθος.

444 3413 562 3487 άλλοι
585 3424 617 3486 δὲ
640 3417 678 3484 τὸ
703 3414 862 3496 στάσιμον
881 3428 987 3502 χοροῦ
1009 3437 1088 3500 φασι
1109 3423 1207 3502 μέρος

468 3521 547 3589 ἄνευ
571 3521 776 3589 ὐνατιαίστου
799 3529 854 3588 καί
876 3530 1032 3606 τροχαίου
1054 3531 1122 3589 τῶν
1138 3524 1281 3604 μέτρων.

465 3623 565 3691 πάλιν
587 3623 605 3689 ὁ
629 3623 804 3708 Εὐκλείδης
826 3629 859 3690 δέ
881 3643 979 3708 φησιν
1002 3620 1063 3712 ὧδέ
1086 3638 1174 3703 πως·

303 3866 337 3916 22
357 3857 512 3914 ίιιιιοίδιοε
530 3858 561 3914 δί
571 3863 610 3927 Α,
629 3857 784 3915 ίτιιιοόδιοε
800 3865 863 3925 BII;
881 3868 995 3928 praestat
1012 3865 1072 3915 fort.
1085 3858 1240 3927 ίτιιίοοδοε,
1257 3867 1288 3912 ut
1306 3861 1428 3911 estvm
1447 3863 1483 3912 14

253 3953 320 4018 πρίν
338 3949 408 4017 ἔφην
424 3948 462 3999 A:
491 3951 616 4018 προίφην
633 3950 684 4000 ΒΜ
772 3951 806 4002 30
829 3952 874 3999 καί
895 3945 947 3999 οιιι.ι
964 3949 1014 3998 ΒΜ
1100 3951 1133 4001 31
1157 3942 1252 4008 ἔξοδον
1271 3951 1343 4013 μέτα
1359 3946 1423 4009 ΒΜ,
1446 3949 1482 3999 of.

219 4038 291 4089 αδδ
360 4035 393 4086 32
411 4035 468 4099 μὴν
484 4034 602 4085 FKuhn:
629 4037 682 4100 μέν
698 4036 764 4085 codd
850 4037 883 4087 35
908 4027 1066 4101 ἡπάροδοε
1081 4036 1135 4100 μέν
1153 4043 1210 4084 τοτε
1227 4033 1277 4082 ΒΜ
1363 4034 1397 4085 38
1415 4027 1485 4084 δίιον

220 4127 303 4190 χοροῦ
319 4119 456 4172 ΟΜιιοΙΙει·
472 4119 541 4168 λίαν.
558 4119 608 4170 Rh.
620 4120 646 4169 V
658 4123 717 4184 361,
735 4122 768 4171 τί.
787 4121 867 4171 Arist.
880 4120 951 4171 Ροοίι
966 4135 988 4170 c.
1002 4121 1047 4180 123
1069 4135 1120 4169 non
1139 4123 1208 4170 recte
1226 4113 1312 4169 ἄλλοι
1328 4117 1484 4169 Οοιιοίιηιοίι

251 4209 285 4259 43
304 4197 454 4269 Εὐκλείδην
470 4205 560 4256 om.B
647 4206 682 4256 44
699 4195 755 4255 ἀλλ’
774 4207 806 4256 οὐ
824 4205 875 4256 ΒΜ
944 4199 1004 4274 Mys
1021 4204 1128 4268 scripsi:
1155 4199 1225 4274 λίγιι
1242 4204 1307 4255 οοδδ
1393 4205 1427 4256 46
1447 4205 1483 4255 τδ

217 4293 305 4343 οιιι.Β
374 4290 408 4342 48
425 4290 479 4355 μίν
494 4291 603 4357 γίνεται
620 4290 685 4340 AM:
714 4284 814 4359 δρᾶται
832 4290 892 4354 (om.
904 4290 1007 4354 um
1076 4292 1110 4342 ⁵0
1131 4286 1284 4357 ἀξιόχρεων
1299 4277 1365 4355 μετ’
1385 4288 1483 4341 αὐτῶν

218 4374 314 4429 πάθον
331 4375 382 4426 ΒΜ
452 4375 484 4426 51
504 4373 537 4424 τδ
551 4375 689 4440 οκιίοιμον
701 4369 732 4425 δί
745 4392 813 4444 φατι
830 4380 915 4444 χοροῦ
924 4369 1238 4443 μίροε(οιυ.ᾱλλοι)ΒΜ
1307 4376 1340 4426 52
1359 4373 1425 4426 ἄνευ
1442 4376 1481 4427 A:

216 4458 289 4528 πλὴν
304 4461 354 4512 ΒΜ
