3164 4800
574 301 621 359 DE
639 307 820 360 COMOEDIA
837 307 979 359 GRAECA

394 475 544 562 θόρυβον
567 475 757 560 εἰργάσαντο
779 494 849 557 τοῖς
871 480 965 560 πέριξ
985 480 1095 560 μέγαν,

351 592 381 642 35
395 578 441 659 ὡς
461 577 557 663 ἡλίου
580 583 752 663 τρέχοντος
772 578 892 663 ἡμέρας
914 577 1037 665 δρόμον

395 690 502 765 ζητεῖν
523 683 661 766 ἐρευνᾶν
683 692 851 765 πανταχοῦ
872 679 952 761 τοὺς
973 687 1099 762 αίτίους

394 791 448 850 καί
463 781 543 863 τοὺς
555 782 720 869 γεωργοὺς
734 782 812 863 τοὺς
827 782 999 863 παθόντας
1013 783 1071 864 τὰς
1084 784 1218 866 βλάβας.

395 890 462 953 ἐπεί
485 886 521 952 δ’
543 887 766 970 έφευρέθησαν
788 890 819 953 οί
842 895 899 969 γῆς
921 884 1066 969 ἐργάται,

393 988 522 1074 ηἰτησεν
545 986 666 1068 αὐτοὺς
690 985 810 1071 Ἀττικὴ
830 996 982 1070 γερουσία

351 1105 380 1155 40
394 1089 517 1170 κιόμοις
538 1090 616 1175 παρ>
637 1089 750 1169 αὐτοῖς
771 1097 825 1156 καί
847 1088 962 1170 πότοις
983 1090 1147 1160 Διονύσου

394 1196 600 1273 τελουμένοις
621 1189 745 1272 κόμαις
768 1217 802 1258 τε
823 1199 878 1259 καί
899 1209 970 1272 τοῖς
988 1203 1122 1278 χωρίοις

393 1293 517 1376 βλάβας
538 1309 701 1360 κατειπεῖν
723 1292 762 1373 ἃς
784 1295 896 1376 ἐλεξαν
919 1294 1069 1379 έννόχως.

394 1403 427 1466 οἳ
448 1397 485 1464 δ’
506 1392 548 1463 αὖ
570 1400 723 1476 θέλοντες
744 1394 809 1474 ἅμα
831 1405 885 1462 καὶ
907 1397 1100 1481 δεδοικότες,

394 1506 488 1584 τρυγὶ
509 1506 758 1581 καταχρίσαντες
780 1497 891 1566 αὑτῶν
913 1498 972 1579 τάς
992 1505 1086 1584 θέας,

350 1616 379 1666 45
394 1601 659 1683 α’γνωστοφανῶς
681 1603 775 1668 εἶπον
798 1599 843 1680 ὡς
865 1609 943 1684 πρὶν
965 1601 1023 1682 τάς
1043 1601 1176 1685 βλάβας.

393 1707 461 1770 ἐπεὶ
483 1704 518 1771 δ’
540 1702 740 1790 ἐσωφρόνισε
760 1702 799 1771 τὸ
821 1712 952 1788 πρᾶγμα
974 1704 1113 1788 πόσους,

393 1809 482 1888 ἔδοξε
504 1816 581 1874 πᾶσι
603 1821 674 1884 τοῖς
696 1821 813 1886 σοφοῖς
833 1805 1056 1891 βουληφόροις

393 1908 475 1995 πρὸς
497 1906 729 1994 σωφρονισμόν
750 1918 850 1975 τοῦτο
872 1908 996 1989 παντὸς
1017 1920 1078 1978 τοῦ
1098 1920 1175 1993 βίον

393 2013 441 2078 αἐὶ
463 2021 623 2078 τελεῖσθαι
646 2027 716 2090 τοῖς
738 2013 876 2093 ἐτησίοις
898 2009 1045 2095 κύκλοις,

350 2129 379 2178 50
393 2118 525 2199 ἐαρινῶι
545 2112 685 2194 μάλιστα
706 2122 822 2197 καιρῶι
845 2118 878 2180 δέ
901 2118 1012 2181 πλέον.

435 2225 489 2283 καί
511 2225 645 2301 πρῶτον
667 2215 750 2281 ου’τό
772 2240 842 2294 πως
863 2225 1026 2301 μετῆλθον
1049 2217 1192 2302 α’γρόται,

392 2325 580 2399 κωμωιδίαν
603 2316 641 2401 δή
663 2343 743 2401 φημι
764 2324 818 2383 καί
839 2325 1035 2403 τραγωιδίαν

392 2430 446 2490 καί
470 2418 646 2505 σατυρικὴν
668 2426 771 2486 τῶνδε
792 2417 852 2504 τὴν
872 2418 1079 2505 μεσαιτάτην·

393 2523 514 2609 ἄνδρας
535 2521 609 2604 μετ’
631 2520 751 2600 αὐτοὺς
773 2521 902 2602 α’ξιοῦσι
923 2522 1116 2605 πανσόφους

350 2640 379 2689 55
393 2624 521 2694 ἅπαντα
543 2623 695 2710 πράττειν
718 2624 856 2704 εὐγενῶς
877 2632 931 2690 καί
952 2636 1111 2710 κοσμίως,

392 2727 514 2813 οὕσπερ
535 2726 572 2794 τὸ
594 2725 714 2795 λοιπὸν
735 2733 790 2792 καί
812 2725 1025 2808 διδασκάλους
1048 2729 1145 2811 ἔφαν·

392 2839 502 2915 κλῆσις
524 2836 557 2897 δέ
579 2846 649 2910 τοῖς
672 2827 834 2909 σύμπασιν
858 2827 900 2914 ῆν
920 2838 1105 2917 τρυγωιδία.

388 2932 512 3015 χρόνωι
534 2937 677 3018 διηιρέθη
699 2937 732 3000 δέ
754 2942 864 3016 κλῆσις
889 2940 933 3013 είς
954 2942 1044 3019 τρία,

391 3041 579 3114 κωμωιδίαν
601 3033 666 3115 ἅμα
687 3060 721 3101 τε
743 3043 797 3102 καί
820 3042 1015 3120 τραγωιδίαν

348 3151 378 3201 60
391 3146 446 3205 καί
468 3134 643 3222 σατυρικὴν
665 3143 768 3203 τῶνδε
790 3135 848 3221 την
869 3137 1072 3222 μεσαιτάτην.

391 3238 472 3307 ὅσον
493 3246 553 3319 μέν
575 3237 637 3308 οὖν
659 3242 769 3324 ἔσχηκε
790 3238 850 3322 τὴν
871 3247 1081 3324 θρηνωιδίαν,

390 3350 584 3426 τραγωιδίαν
607 3345 730 3424 ἔφασαν
753 3347 785 3409 οἱ
806 3350 913 3426 κριταί
934 3341 1021 3409 τότε·

391 3443 472 3512 ὅσον
495 3450 527 3511 δέ
549 3454 611 3511 τοῦ
632 3449 774 3526 γέλωτος
794 3439 835 3528 ἦν
861 3451 915 3510 καί
938 3443 1152 3527 σκωμμάτων,

390 3554 577 3626 κωμωιδίαν
599 3547 712 3613 ἔθεντο
738 3544 797 3628 τῆν
819 3556 933 3631 κλῆσιν
956 3551 1073 3631 φέρειν.

347 3663 377 3712 65
391 3649 489 3731 ἄμφω
512 3654 545 3715 δέ
567 3646 650 3732 πρὸς
672 3647 826 3715 σύστασιν
847 3645 928 3733 ῆσαν
950 3658 1013 3716 τοῦ
1033 3657 1123 3729 βίου·

390 3750 408 3817 ὁ
432 3749 492 3836 γάρ
514 3748 665 3834 τραγικὸς
692 3761 760 3818 τῶν
782 3749 881 3818 πάλαι
904 3750 993 3835 πάθη
1015 3756 1129 3834 λέγων,

384 3852 531 3938 Ῥῆσους,
560 3851 715 3937 Ὀρέστας,
742 3862 910 3936 Φοίνικας,
936 3851 1151 3938 Παλαμήδεις,

389 3954 468 4034 τοὺς
489 3963 614 4038 ζῶντας
636 3953 810 4038 ἐξήλαυνεν
833 3955 1018 4041 α’γερωχίας.

389 4056 407 4122 δ
430 4055 573 4136 κωμικὸς
595 4062 629 4123 δὲ
653 4082 722 4136 πως
743 4068 848 4138 γελῶν
870 4066 1067 4138 κωμωιδίαις

228 4319 263 4369 40
280 4318 327 4366 καί
345 4315 400 4383 πρὸ
419 4323 476 4365 τοῖν
492 4315 543 4364 ΒΜ
620 4317 651 4366 61
677 4315 744 4365 αὐτὸ
763 4320 823 4364 πῶς
839 4315 875 4364 P:
903 4315 973 4365 αὐτὰ
991 4319 1051 4365 πῶς
1067 4315 1141 4365 ΑΒΜ
1218 4312 1401 4382 μετῆλθινΡ

177 4406 210 4457 ὗδ
229 4402 299 4472 ἔφην
316 4402 346 4463 Ρ,
364 4401 397 4451 οί.
414 4399 495 4453 Arist.
507 4400 573 4450 Rau.
587 4401 653 4451 1054
705 4401 738 4451 67
757 4394 964 4465 ΠαλαμήόαεΡ
1016 4403 1049 4453 68
1069 4395 1210 4461 έὲίέαυνεν
1228 4402 1278 4451 ΒΜ
1330 4405 1401 4455 69δ

141 4503 184 4539 om
200 4486 275 4538 ΑΒΜ
344 4491 404 4536 πων
421 4484 487 4535 οοδδ
