3164 4800
652 273 848 332 COMOEDIA
864 273 1010 331 130ch

430 446 605 515 κάλλιστον
626 449 713 528 είμεν
735 456 892 530 φαίνεται,
913 454 968 514 καί
989 448 1057 527 ees
1077 455 1141 529 βοί,

401 545 509 632 ίὸνος
531 551 567 619 δ’
589 549 671 619 ὄνων
692 549 879 634 κάλλιστον,
905 544 946 630 ὗς
969 553 1002 618 δέ
1023 557 1088 634 θην
1110 547 1151 616 ὑί.
1176 566 1206 623 f,

289 689 374 759 Dieg.
392 689 422 742 L.
440 688 483 744 HI
501 692 542 744 15.
562 691 593 742 16
613 691 656 754 (ex
672 686 794 752 Alcime,
810 691 844 741 ut
858 684 892 740 fr.
912 688 969 739 179.
988 688 1047 751 171)
1068 680 1192 742 Πλάτων
1208 682 1241 742 ἐν
1258 689 1304 756 τῆι
1320 688 1387 759 περὶ
1404 689 1466 743 τῶν

204 776 287 834 ἰδεῶν
304 770 446 847 ὑπολήψει
464 763 686 846 ..μνημονεύει
704 776 754 844 τῆς
772 761 947 843 ὁμοιότητός
964 789 996 827 τε
1017 772 1066 828 καί
1084 774 1195 843 τροφῆς
1217 764 1308 828 ὁποία
1327 773 1369 837 τίς
1385 768 1466 828 ἐστιν

206 854 304 927 αὐτοῖς
323 861 350 928 (i.
363 877 387 916 e.
405 866 468 925 τοῖς
484 853 602 928 ζώιοις),
624 851 837 925 ἐνδεικνύμενος
857 853 930 913 διότι
952 861 1022 914 πᾶσι
1044 864 1107 922 τοῖς
1123 853 1221 926 ζώιοις
1243 850 1369 928 ἐμφντός
1386 852 1466 912 ἐστιν

204 941 220 1019 ἦ
239 950 290 1019 τῆς
308 941 483 1017 ὁμοιότητος
499 943 627 1015 θεωρία·
646 937 689 1000 διὸ
702 944 751 999 καί
763 944 822 998 τῶν
834 937 992 1014 ὁμοφύλων
1009 937 1187 999 αἰσθάνεται.
1217 946 1280 1008 πῶς
1297 933 1349 1000 οὖν
1361 935 1378 998 ὃ
1390 933 1466 998 Ἐπί-

204 1049 331 1103 χαρμος,·
348 1025 466 1102 ιΕὔμαιε
483 1067 492 1085 .
509 1068 517 1084 .
535 1019 605 1087 ὅπα
618 1031 690 1095 (172)
708 1030 757 1084 καί
775 1023 861 1085 πάλιν
878 1022 1084 1097 θαυμαστὸν.
1102 1065 1110 1082 .
1127 1019 1171 1084 δί’
1184 1029 1264 1096 (173).

293 1136 377 1200 172,2
397 1121 510 1203 ὅσαπερ
527 1129 608 1186 codd.
687 1127 836 1199 5ἐπωίζει
853 1130 876 1185 Ρ
894 1132 915 1196 (ι
931 1131 961 1184 in
981 1151 999 1186 α
1017 1144 1085 1185 eom.
1102 1129 1149 1197 1³¹)
1222 1123 1317 1202 ψυχὴν
1333 1128 1414 1184 cedd.

206 1223 220 1272 7
241 1209 276 1275 αὖ
294 1213 401 1284 ταύτας
418 1217 502 1274 eodd:
521 1232 589 1272 corr.
605 1216 721 1271 Porsen.

294 1324 378 1388 176,1
399 1311 481 1378 οὐδέν
497 1337 534 1388 με
550 1318 587 1374 P:
605 1334 673 1374 corr.
691 1316 762 1374 Am.
836 1323 852 1373 θ
871 1317 1026 1391 πεφυκέναι
1043 1317 1129 1374 codd:
1147 1333 1215 1374 eom.
1233 1316 1305 1372 Ahr.

291 1424 368 1493 prius
393 1422 577 1493 fragmentum
604 1438 639 1477 ex
665 1421 746 1476 Ulixe
771 1419 913 1490 Neufrego
943 1421 1060 1490 petitum
1087 1421 1206 1486 videtur,
1235 1418 1354 1475 fortasse
1383 1418 1467 1474 etiam

208 1509 330 1564 altemm.

725 1631 787 1692 174
808 1629 862 1710 (70
884 1629 957 1708 Lor)
1054 1619 1056 1622 Α

291 1747 337 1803 Et,
354 1747 467 1818 genuin.
486 1746 539 1814 (Et,
556 1745 594 1800 Μ.
614 1749 671 1811 197,
684 1749 726 1811 33)
750 1747 899 1818 Βιβλίνη
917 1739 1098 1813 ἄμπελος.
1115 1742 1174 1802 .Ἐ.
1193 1741 1223 1803 δί
1245 1737 1305 1802 dub
1324 1743 1467 1816 Βιβλίνων

208 1826 288 1907 σ’ρών
305 1838 355 1906 τῆς
375 1828 511 1905 θράικης,
534 1827 606 1889 evea
623 1826 738 1903 φύεται,
761 1829 894 1902 λελέχθαι
912 1824 1001 1902 αὐτὴν
1019 1828 1118 1888 οἴεται.
1153 1829 1188 1886 cf.
1204 1829 1310 1887 Athen.
1328 1830 1343 1884 Ι
1358 1846 1387 1899 p.
1399 1833 1467 1884 316.

208 1919 302 1991 Steph.
319 1920 352 1974 Β.
369 1936 397 1990 p.
411 1922 469 1985 168,
483 1921 523 1972 16.
551 1915 687 1973 Geffeken
705 1916 741 1972 de
758 1914 852 1987 Steph.
868 1915 901 1971 B.
918 1932 946 1985 p.
960 1919 1001 1970 16.

712 2093 773 2153 175
796 2091 871 2168 (105
894 2090 968 2168 ιιι)

292 2208 337 2263 Et,
354 2225 418 2279 gen.
436 2209 490 2276 (Ee
508 2171 677 2274 1116164)
702 2201 838 2278 Σώφρων
855 2210 904 2264 καί
921 2200 964 2264 ’βλ
983 2200 1019 2264 vo*
1036 2208 1168 2281 βαπτίζω
1190 2200 1350 2280 βιπτσίζω
1371 2204 1467 2278 λέγον-

208 2300 272 2350 σιν.Ι
287 2289 476 2366 Ἡρωιδιανός.
512 2291 632 2364 Hesyeh.
650 2309 671 2349 6.
689 2309 718 2348 v.

761 2452 831 2513 176.
855 2453 916 2512 177

294 2555 419 2637 Et'gen.
438 2566 493 2632 (Εί.
508 2567 543 2621 Μ.
564 2569 622 2632 199,
635 2569 677 2632 62)
699 2566 792 2639 βλείς·
817 2558 996 2640 Ἐπίχαρμος
1013 2566 1201 2639 ινροβλείς
1219 2567 1297 2632 (176).
1332 2567 1420 2636 φασὶν
1438 2562 1469 2639 οἳ

207 2650 261 2721 μίν
282 2644 343 2709 ἀπὸ
368 2655 421 2709 τοῦ
443 2652 575 2725 βληθείς,
600 2654 651 2707 καί
671 2645 746 2708 κατὰ
770 2646 916 2723 σνγκοπίην
941 2655 994 2709 τοῦ
1016 2675 1032 2724 η
1053 2655 1102 2708 καί
1124 2656 1145 2708 θ
1167 2651 1254 2725 βλείς.
1289 2645 1307 2721 ἢ
1329 2642 1389 2708 dub
1413 2655 1467 2708 τοῦ

207 2738 293 2809 βλῆμι
317 2730 334 2793 ὅ
358 2732 492 2809 δεύτερος
513 2727 652 2808 οἷόριστος
669 2730 763 2808 ἐβλην,
786 2730 851 2792 οἷον
872 2730 986 2793 πόθεν
1008 2734 1042 2794 δὲ
1064 2729 1178 2802 ω’λκὸς
1199 2727 1343 2802 εὐπετὲς
1364 2731 1467 2810 ἐβλης

211 2825 289 2888 (177),
306 2815 322 2894 ἦ
340 2817 449 2894 μετοχὴ
467 2822 565 2894 βλείς.
577 2859 585 2876 .
598 2809 691 2887 οὕτως
703 2814 887 2893 Ἦρωιδιανδς
905 2823 977 2894 Περί
995 2823 1108 2880 παθῶν.
1134 2820 1230 2878 eadem
1241 2819 1300 2878 fere
1317 2838 1338 2877 6.
1350 2838 1379 2877 v.
1390 2822 1467 2894 βλεί-

207 2928 271 2980 μην,
288 2906 337 2963 ubi
354 2907 384 2961 in
401 2906 558 2977 Epicharmi
575 2905 669 2962 verbis
687 2898 715 2961 δ’
732 2902 848 2973 ἐωλκώς
866 2899 966 2973 εὖπεὲς
982 2907 1044 2962 eod.
1061 2906 1093 2960 B.

296 3013 344 3065 176
362 3010 466 3066 ineerta
483 3009 648 3078 emendatio,
665 3011 744 3066 velut
760 3005 857 3084 ψύρον
873 3009 919 3066 vel
936 3002 1046 3066 τυτθὸν
1061 3011 1149 3082 βλείς.

296 3098 343 3149 177
362 3083 543 3150 scribendum
553 3095 665 3151 videtur
681 3090 778 3154 πόθεν
795 3088 822 3150 δ’
841 3089 950 3160 ἐολκὼς
967 3087 1084 3159 εὐπετὲς
1097 3093 1103 3164 Ι
1118 3086 1216 3167 ἐβλης,·
1232 3093 1322 3172 forma
1339 3092 1374 3150 ab
1392 3089 1467 3152 ἕλκω

209 3180 291 3236 ducta
307 3188 340 3236 ut
356 3175 447 3237 ἔολπα
465 3180 500 3236 ab
519 3175 650 3250 ἔλπομαι.

713 3340 774 3401 me
797 3340 872 3415 (116
894 3336 968 3414 1201)
1038 3372 1040 3375 .
1079 3370 1080 3374 κ
1138 3322 1141 3326 ’

293 3453 338 3508 Et.
356 3470 419 3525 gen.
438 3453 492 3521 (Et.
508 3452 545 3508 M.
563 3457 661 3521 693,1)
684 3449 788 3525 εὔληρα
806 3492 814 3509 .
832 3491 840 3509 .
858 3447 938 3526 παρὰ
956 3448 982 3509 δ’
1003 3445 1178 3526 Ἑπιχσίρμωι
1195 3446 1328 3524 αὕληρα
1349 3447 1467 3526 εἴρηται,
1542 3419 1545 3423 ἡ

211 3534 289 3612 παρὰ
309 3534 344 3595 τὸ
363 3532 461 3603 αὐλόν,
480 3532 515 3596 τὸ
532 3535 682 3609 ἐπίμηκες,
697 3530 739 3595 ἵν’
756 3529 785 3609 ἧι
802 3532 838 3597 τὰ
856 3533 985 3610 ἐπιμήκη.
1020 3537 1140 3610 Heeyeh.
1158 3534 1280 3612 αὔληρα,
1300 3532 1432 3612 αδληρον.

628 3715 690 3775 179
713 3712 879 3791 (166111.
903 3715 963 3776 117
979 3711 1052 3791 σοι)

294 3829 339 3883 Et.
356 3845 419 3900 gen.
438 3829 492 3895 (Ε).
510 3828 545 3883 m
564 3832 624 3895 129,
635 3832 679 3896 47)
696 3819 802 3899 ἥδυμος
819 3867 826 3884 .
845 3868 852 3884 .
870 3813 1047 3901 Ἐπίχαρμος

514 3930 579 4013 ἅμα
600 3959 635 4000 τε
656 3940 710 4000 καί
731 3931 842 4016 λόγων
864 3931 1006 4012 α’κοιίσας
1028 3917 1162 4012 ἃδιίμων
1184 3984 1215 4000 ..

296 4041 355 4120 ἅμα
374 4070 406 4109 τε
424 4050 594 4107 66111617.
628 4041 688 4122 ἅμα
707 4050 737 4109 δὲ
752 4049 857 4107 Nauck.
925 4053 974 4108 καὶ
992 4048 1268 4106 om.Z0nar.I9'15.

791 4226 876 4288 *180

296 4341 339 4395 Et.
357 4341 470 4411 genuin.
489 4339 532 4408 (ef.
549 4341 594 4396 Ee
611 4340 648 4396 Μ.
666 4344 726 4407 491,
739 4344 781 4408 61)
799 4341 937 4415 καρκίνος
953 4344 1043 4410 ζιῦιον
1058 4336 1228 4399 θαλάσσιον.

477 4453 689 4531 καρκίνος..
712 4441 788 4528 ἦνθ’
811 4448 845 4511 ἐκ
866 4453 977 4526 βυθοῦ
997 4453 1188 4513 θαλασσίαν.
1239 4493 1241 4497 -
