3164 4800
173 230 177 239 ’
192 260 232 319 56
617 267 665 316 nr
682 268 864 319 cononum
880 266 1021 319 aaaron

152 436 169 494 2
193 435 341 497 Pacuvius
363 445 393 497 et
414 436 541 500 Ennius.
613 447 715 500 satura
735 449 834 501 autem
855 438 933 499 dicta
956 436 1018 499 sive
1039 454 1058 496 a
1079 433 1194 514 satyris,
1217 429 1298 513 qnod
1319 427 1450 490 similiter

192 537 222 597 in
244 536 302 599 hoc
323 539 452 600 carmine
473 539 613 603 ridiculae
634 561 681 602 res
703 541 919 623 pudendaeque
940 539 1080 600 dicuntur
1101 534 1187 598 velut
1208 553 1284 614 quae
1305 552 1325 593 a
1342 530 1449 611 satyris

191 638 383 719 proferuntur
403 650 433 702 et
453 641 545 716 fiunt;
574 643 636 706 sive
658 653 759 705 satura
781 643 915 717 alance,
943 660 1020 721 quae
1044 637 1152 700 referta
1172 636 1261 699 variis
1287 632 1450 712 multisque

190 741 324 821 primitiis
345 743 377 802 in
399 763 482 805 sacro
502 743 506 825 Ι
526 743 608 825 apud
635 746 748 825 priscos
775 746 821 809 dis
848 744 1031 807 inferebatur
1057 748 1087 801 et
1115 760 1134 800 a
1161 736 1267 818 [copia]
1297 735 1450 797 saturitate
1476 745 1554 800 11111

191 844 232 904 rei
265 854 367 906 satura
393 845 557 907 vocabatur
584 847 679 923 (cuius
706 849 823 928 generis
850 847 982 909 lancium
1013 852 1044 905 et
1070 840 1222 922 Vergilius
1247 840 1280 899 in
1306 836 1449 918 georgicis
1463 845 1492 895 85

192 946 336 1020 meminit,
365 967 433 1008 cum
461 945 519 1008 hoc
546 948 634 1011 modo
662 949 745 1012 dicit:
780 953 915 1013 lanatas
943 955 970 1010 et
989 946 1104 1024 pendis
1125 943 1276 1018 fumantia
1297 940 1451 1000 reddimus

193 1053 261 1108 eata
282 1057 312 1109 et
334 1051 486 1125 lancesque
508 1055 535 1110 et
557 1052 620 1112 liba
641 1055 773 1127 feremus·
790 1055 836 1129 [2‚
861 1055 930 1113 194.
953 1051 1067 1124 394J);
1089 1047 1152 1109 sive
1166 1065 1185 1106 a
1199 1043 1328 1125 quodam
1342 1061 1451 1121 genere

192 1149 360 1224 farciminis,
388 1150 469 1231 quod
497 1151 597 1213 multis
624 1153 882 1216 rebusrefertum
911 1161 1041 1214 saturam
1069 1148 1139 1210 dicit
1160 1147 1259 1210 Varro
1279 1145 1451 1208 vocitatum.

192 1261 237 1313 est
258 1261 358 1313 autem
379 1251 436 1313 hoc
458 1253 587 1333 positum
608 1255 639 1315 in
661 1255 696 1316 II
717 1255 794 1318 libro
811 1255 1020 1318 Plautinarum
1034 1249 1257 1332 quaestionum:
1279 1253 1388 1308 setara
1410 1251 1452 1306 est

192 1370 252 1411 avc
268 1370 365 1428 pessa
388 1360 415 1415 et
430 1356 552 1430 polenta
576 1363 602 1417 et
623 1358 720 1417 nuclei
735 1360 822 1434 pinei
842 1360 912 1434 [aa]
926 1358 1019 1417 maleo
1042 1353 1213 1430 consparsi·
1236 1351 1277 1411 ad
1298 1350 1370 1410 laec
1393 1349 1451 1408 clii
1464 1356 1494 1405 90

193 1454 308 1514 addant
330 1461 357 1516 et
379 1457 414 1516 de
435 1459 515 1518 malo
532 1461 642 1534 punico
664 1479 770 1535 prena.
813 1458 864 1521 alii
890 1467 989 1521 autem
1018 1456 1126 1517 dictam
1147 1461 1257 1535 putant
1278 1450 1383 1532 alege
1405 1469 1451 1512 sa·

192 1562 266 1627 tura,
290 1576 366 1635 quae
387 1579 450 1619 uno
472 1570 578 1640 rogatu
599 1560 695 1622 multa
716 1561 804 1622 simul
825 1558 1064 1642 comprehendat,
1087 1556 1167 1637 quod
1182 1555 1294 1616 scilicet
1306 1563 1337 1615 et
1350 1562 1453 1615 satura

192 1657 322 1719 carmine
351 1659 447 1720 multa
480 1661 568 1723 simul
601 1671 738 1743 poemata
770 1661 1077 1745 comprehenduntur;
1110 1658 1194 1719 cuius
1229 1666 1346 1719 saturae
1377 1654 1451 1736 legis

194 1758 329 1820 Lucilius
356 1762 489 1824 meminit
520 1764 551 1823 in
579 1764 688 1845 primo:
714 1784 774 1842 per
800 1771 937 1826 saturam
965 1765 1092 1824 aedilem
1118 1763 1232 1835 factam
1260 1760 1311 1836 qai
1340 1759 1453 1834 legibue

195 1862 292 1922 solvat
311 1871 342 1923 et
363 1863 524 1926 Sallustius
546 1866 577 1926 in
599 1865 746 1946 Iugurtha
768 1871 803 1943 (c.
822 1870 895 1941 29):
918 1866 1022 1927 deinde
1044 1865 1131 1941 qacei
1146 1882 1205 1940 per
1226 1867 1363 1922 satorem
1383 1879 1448 1921 sen·
1463 1869 1493 1918 95
1535 1861 1540 1870 ⁴

196 1965 296 2024 tentiis
318 1968 473 2042 eaeqaimtce
493 1969 526 2027 ia
549 1969 725 2030 deditionem
747 1971 901 2046 accipitur.

107 2065 174 2127 VH
281 2065 467 2135 Bucolica
493 2068 634 2131 dicuntur
660 2081 798 2152 poemata
825 2068 988 2132 secundum
1016 2088 1134 2129 carmen
1163 2064 1313 2148 pastorale
1333 2083 1452 2145 compo·

196 2167 259 2230 sita
345 2169 481 2232 instituta
502 2180 601 2232 autem
623 2181 703 2246 sunt,
732 2173 808 2235 sicut
828 2170 948 2253 quidam
970 2179 1086 2252 putant,
1114 2170 1146 2230 in
1168 2167 1317 2230 Laconica
1338 2168 1396 2238 vel,
1418 2176 1454 2227 ut

194 2270 251 2344 alii,
273 2270 305 2330 in
324 2271 437 2346 Sicilia3
460 2293 529 2333 nam
550 2273 627 2335 inter
639 2273 891 2336 lacedaemonios
912 2282 943 2335 et
956 2273 1072 2336 Siculos
1094 2271 1211 2333 diversa
1231 2269 1289 2330 fuit
1310 2267 1452 2330 condicio.

154 2375 172 2432 2
195 2373 248 2434 sed
269 2373 350 2453 quod
370 2372 409 2435 ad
426 2373 565 2436 Laconas
586 2375 720 2456 pertinet,
742 2373 815 2436 haec
837 2395 938 2437 eorum
959 2374 1017 2436 fuit
1037 2373 1126 2454 origo.
1169 2392 1229 2452 quo
1251 2381 1381 2452 tempore
1402 2369 1507 2432 ad·100
1569 2366 1574 2376 ’

195 2484 338 2538 ventante
359 2475 462 2537 Xerxe
483 2476 514 2537 in
537 2476 690 2540 Graeciam
714 2502 731 2533 1
757 2502 788 2554 a,
815 2497 917 2538 omnes
939 2477 1056 2538 deserta
1076 2475 1226 2537 Laconica
1247 2483 1327 2535 metu
1349 2472 1453 2535 barba·

195 2596 295 2636 rorum
321 2578 465 2657 perterriti
492 2579 524 2639 in
550 2578 683 2642 diversas
709 2590 808 2663 partes
836 2578 949 2659 fugisse
976 2577 1137 2639 creduntur
1163 2585 1200 2650 et,
1229 2596 1296 2637 cum
1324 2575 1453 2656 virgines

195 2679 298 2739 timore
319 2677 459 2754 laterent,
488 2700 526 2741 ex
546 2679 604 2742 hoc
625 2684 758 2745 evenisse
784 2691 873 2744 uteo
894 2682 942 2743 die
969 2702 1028 2762 quo
1050 2680 1155 2742 solitus
1183 2687 1247 2740 erat
1267 2677 1376 2740 chorus
1397 2677 1454 2740 vir·

195 2781 300 2861 ginum
320 2779 438 2842 Dianae
459 2781 609 2863 Caryatidi
635 2783 780 2866 hymnum
808 2805 913 2846 canere
947 2803 1033 2845 nemo
1061 2783 1101 2844 ad
1127 2781 1259 2843 solemne
1281 2779 1455 2842 sacrificium

196 2884 386 2946 inveniretur.
429 2892 502 2973 tunc
522 2885 623 2965 itaque
644 2895 776 2967 pastores
798 2908 836 2948 ex
856 2907 924 2948 rure
944 2887 976 2947 in
997 2885 1101 2947 urbem
1122 2891 1330 2946 convenerunt
1349 2888 1391 2955 et,
1414 2902 1453 2942 ne
1464 2893 1507 2943 105

197 2987 271 3046 ritus
294 3004 444 3047 sacrorum
465 2987 736 3069 interrumperetur,
764 2988 907 3069 pastorali
928 2987 1057 3050 carmine
1077 2985 1240 3066 composito
1267 2983 1339 3045 deae
1360 2983 1455 3045 hono

156 3089 175 3148 3
197 3107 259 3147 rem
281 3086 515 3150 celebraverunt
559 3089 639 3150 unde
653 3098 699 3152 est
712 3089 894 3152 bucolismus
915 3088 1020 3151 dictus.
1089 3085 1231 3150 aSiculis
1252 3096 1350 3148 autem
1372 3086 1455 3166 origo

198 3208 275 3269 quae
305 3189 432 3252 trahitur
462 3189 535 3252 haec
567 3199 620 3252 est
663 3201 822 3273 antequam
853 3192 948 3254 Hiero
979 3211 1033 3252 rex
1065 3190 1229 3271 Syracusas
1261 3198 1455 3270 expugnaret,

100 3272 104 3284 ’
197 3290 300 3352 morbo
314 3291 413 3354 Sicilia
432 3291 597 3356 laborabat
636 3294 725 3355 variis
747 3303 777 3356 et
797 3293 929 3356 adsiduis
950 3292 1133 3355 caerimoniis
1147 3291 1279 3352 Dianam
1299 3289 1455 3372 placantes

197 3391 287 3454 finem
315 3394 400 3455 malis
428 3394 608 3457 invenerunt
634 3415 757 3476 eamque
782 3397 914 3478 Lyaeam
942 3394 1229 3476 cognominaverunt
1260 3393 1346 3473 quasi
1374 3392 1507 3454 solu-110

197 3495 298 3558 tricem
319 3496 474 3560 malomm.
518 3495 587 3558 inde
608 3517 654 3558 res
675 3497 708 3557 in
729 3497 973 3559 consuetudinem
994 3506 1088 3558 tracta
1109 3505 1162 3569 est,
1190 3504 1226 3556 ut
1246 3515 1349 3576 greges
1370 3495 1456 3556 rusti·

198 3617 297 3675 corum
327 3599 474 3661 theatrum
504 3598 727 3678 ingrederentur
754 3608 784 3660 et
811 3599 848 3661 de
875 3600 997 3663 victoria
1024 3606 1173 3660 canerent
1216 3596 1336 3658 habitus
1356 3584 1457 3658 autem

284 3834 316 3883 82
335 3847 401 3895 quae
419 3834 493 3882 velut
578 3833 612 3882 84
630 3833 704 3897 copia
720 3828 792 3897 ΒΜ,
813 3833 887 3899 copia
903 3849 933 3883 ao
950 3831 977 3884 A
1063 3836 1096 3885 90
1113 3833 1170 3897 pini
1239 3837 1273 3886 95
1290 3839 1316 3884 et
1333 3833 1458 3883 smnstins

197 3914 242 3983 M,
262 3931 314 3968 om.
331 3914 361 3968 B
429 3921 461 3970 97
481 3916 552 3970 locta
571 3914 603 3969 de
621 3914 757 3982 0111101111,
775 3918 810 3969 at
824 3916 924 3971 1101111111
940 3916 1023 3970 eaba
1040 3916 1144 3984 doceat,
1164 3933 1198 3970 em
1215 3915 1378 3971 scholiorum
1390 3932 1458 3985 pro-

198 4000 341 4071 legomenis
359 4003 523 4070 csmmptue.
559 3999 594 4068 cf.
614 3999 748 4054 llseocriti
765 4000 844 4055 schot.
858 4003 914 4071 p.1
925 4001 965 4069 Ζ.,
989 4000 1075 4056 Probi
1091 4000 1123 4055 ia
1145 4000 1221 4072 Verp.
1234 4001 1354 4070 MK„
1378 4001 1459 4057 Servi

193 4088 249 4155 pai
264 4084 313 4140 Th.
382 4089 524 4140 981acoua
539 4085 600 4153 AB,
626 4089 726 4138 laconio
742 4084 777 4139 M
846 4093 893 4142 101
919 4086 1010 4154 deficit
1026 4086 1084 4155 fere
1100 4092 1211 4139 immane
1228 4090 1327 4139 bellum
1344 4089 1459 4141 instabat

267 4175 393 4224 decenam
464 4175 512 4224 102
534 4169 621 4238 fuisse
638 4171 746 4226 videtur
769 4190 829 4225 cum
845 4173 1006 4240 (victoribus
1023 4175 1134 4225 reversis
1151 4172 1255 4239 tamen>
1275 4176 1389 4239 virgines

200 4262 249 4312 103
273 4275 307 4308 ex
323 4255 370 4310 M:
397 4262 423 4307 et
441 4273 474 4307 ex
491 4254 546 4308 AB
624 4261 673 4310 104
696 4260 825 4323 cnryatidi
901 4262 949 4311 107
974 4260 1134 4310 buculismus
1203 4260 1313 4325 singulis
1329 4257 1391 4312 AM

170 4352 174 4360 ’
200 4347 249 4398 108
270 4341 399 4397 Gelonem
416 4338 484 4394 dicit
499 4339 607 4395 Probita
694 4347 744 4396 109
761 4346 893 4410 placentes
909 4341 965 4395 ΑΒ
1052 4348 1101 4397 110
1124 4346 1210 4409 lyaem
1228 4347 1362 4414 capam
1379 4363 1406 4396 m
1423 4345 1457 4415 A,

198 4430 251 4481 lien
269 4425 334 4481 ΒΜ
