3164 4800
220 293 259 351 16
643 296 1044 350 DE·00MOED1AGRAEOA
1090 370 1093 375 Ι

302 462 424 549 ταύτην
446 463 507 532 οὖν
522 466 580 549 τὴν
600 474 786 546 κωμωιδίαν
802 475 850 533 δεῖ
861 477 1022 547 βιωτικῶς
1038 463 1280 546 άναγινῶσκειν,
1304 468 1471 530 τουτέστιν
1483 475 1516 524 80

218 592 263 645 ως
286 569 320 631 έν
342 576 401 633 τῶι
423 577 508 650 βίωι,
534 574 754 648 μιμουμένους
775 568 814 634 τὸ
836 567 1111 653 παρεισαγόμενσν
1133 565 1313 651 πρόσωπον
1335 572 1389 630 καί
1411 563 1471 648 τὴν

218 669 343 733 ἐκείνου
366 674 471 751 σχέσιν
494 671 788 750 άναματτομένσυς.

301 894 333 943 81
353 894 522 960 παρεισάγον
540 891 610 942 sbw

468 1402 506 1468 V.
543 1400 710 1468 GLOSSA
731 1400 1035 1468 ETYMOLOGIOI
1059 1397 1211 1466 MAGNI.

298 1611 328 1669 p.
345 1595 417 1670 764,
443 1596 456 1648 1
482 1594 655 1672 τραγωιδία
679 1591 744 1654 ἐστί
765 1597 848 1668 βίων
870 1596 924 1655 καί
946 1587 1055 1669 λόγων
1077 1585 1229 1670 ἡρωικῶν
1249 1594 1385 1668 μίμησις.
1420 1589 1470 1650 κε’·

214 1699 327 1773 κληται
351 1695 384 1756 δέ
405 1695 579 1773 τραγωιδία
603 1688 653 1757 ότι
674 1688 794 1774 τράγος
815 1701 866 1775 τῆι
889 1691 979 1774 ωἰδῆι
1003 1687 1108 1756 ἆθλον
1131 1691 1272 1754 ἐτίθετο·
1306 1685 1382 1769 ωἰδὴ
1405 1684 1467 1768 γάρ

213 1791 232 1875 ἢ
255 1799 436 1875 τραγωιδία.
474 1789 493 1875 ἢ
518 1789 567 1857 ότι
590 1791 692 1875 τρύγα
714 1789 820 1859 ἆθλον
844 1791 1028 1872 ἐλάμβανον
1051 1795 1082 1857 σί
1097 1800 1265 1869 νικῶντες·
1288 1787 1390 1872 τρύγα
1405 1786 1466 1870 γάρ

214 1893 354 1960 ἐκάλουν
377 1900 408 1961 σί
431 1901 563 1960 παλαιοί
584 1893 645 1961 τὸν
666 1898 742 1961 νέον
765 1897 867 1962 οἶνον.
903 1893 988 1978 ἢὸτι
1003 1892 1208 1977 τετράγωνον
1223 1895 1310 1974 εἶχον
1327 1897 1358 1958 σί
1370 1899 1466 1974 χοροί

203 1987 322 2080 σχῆμα.
368 1995 387 2079 ἢ
410 1994 460 2062 ὅτι
482 1996 522 2062 τὰ
544 1996 651 2063 πολλὰ
674 2002 706 2063 σί
725 2004 826 2081 χοροὶ,
849 2000 883 2062 ἐκ
907 1993 1059 2080 σατύρων
1082 2004 1286 2076 συνίσταντο,
1315 1991 1373 2071 οὓς
1396 1992 1499 2058 ἑκά-5

212 2107 295 2163 λουν
323 2096 465 2181 τράγους
493 2097 697 2177 σκώπτοντες
724 2097 743 2182 ἢ
774 2098 825 2165 διά
851 2098 910 2182 τὴν
931 2107 992 2164 τοῦ
1015 2096 1162 2176 σώματος
1184 2094 1390 2181 δασύτηταῆ
1413 2095 1465 2162 διὰ

123 2262 125 2267 .
211 2193 272 2280 τὴν
293 2198 427 2280 περὶτὰ
449 2201 621 2282 ἀφροδίσια
643 2198 808 2283 σπουδήν·
840 2209 995 2266 τοιοῦτον
1022 2198 1082 2282 γὰρ
1105 2197 1144 2264 τὸ
1166 2206 1273 2281 ζῶιον.
1319 2195 1410 2281 ἢότι
1434 2204 1466 2264 σί

210 2308 360 2383 χορευταὶ
388 2300 446 2380 τὰς
475 2301 577 2382 κόμας
606 2301 795 2382 άνέιιλεκον,
825 2312 925 2385 σχῆμα
954 2301 1084 2385 τράγων
1111 2299 1311 2380 μιμούμενοι.
1357 2300 1375 2384 ἢ
1399 2299 1466 2367 άπὸ

210 2411 267 2484 τῆς
288 2400 406 2485 τρυγὸς
428 2410 610 2487 τρυγωιδία.
655 2400 697 2486 ἦν
721 2409 753 2469 δέ
775 2402 813 2468 τὸ
835 2402 940 2483 ὄνομα
962 2413 1061 2470 ταῦτα
1083 2401 1198 2469 κοινὸν
1226 2410 1280 2469 καὶ
1302 2400 1384 2486 πρὸς
1405 2401 1465 2485 τὴν

211 2509 407 2585 κωμωιδίαν,
441 2507 508 2570 ἐπεὶ
541 2504 635 2571 ούτιω
665 2510 839 2588 διεκέκριτο
861 2505 902 2570 τά
923 2514 979 2588 τῆς
1001 2503 1159 2588 ποιήσεως
1188 2508 1369 2586 έκατέρας,“
1387 2504 1467 2571 ἀλλ’
1480 2517 1510 2565 10

212 2611 256 2683 είς
279 2605 381 2690 αὐτὴν
402 2607 438 2672 έν
459 2603 500 2689 ἦν
522 2606 560 2673 τὸ
583 2604 726 2691 άδλονέγ
749 2604 847 2690 τρύξ·
868 2605 1006 2688 ὕστερον
1029 2611 1061 2672 δέ
1082 2604 1121 2672 τὸ
1142 2610 1201 2684 μέν
1223 2605 1338 2672 κοινόν
1360 2600 1465 2686 ὄνομα

211 2709 300 2788 ἔσχεν
322 2706 341 2790 ἣ
363 2714 555 2792 τραγωιδία·
588 2726 606 2792 η
630 2714 662 2774 δέ
684 2714 849 2786 κωμωιδία
871 2696 1047 2791 ῶνομάσθη
1074 2706 1179 2791 ἐπειδὴ
1201 2705 1362 2792 πρότερον
1383 2707 1465 2776 κατά

210 2807 321 2888 κῶμας
343 2811 454 2890 ἔλεγον
477 2807 559 2875 αύτά
581 2813 616 2875 ἐν
638 2825 709 2888 ταῖς
731 2813 858 2892 ἑορταῖς
879 2819 941 2876 τοῦ
955 2808 1117 2876 Διονύσου
1140 2817 1194 2876 καὶ
1216 2820 1273 2894 τῆς
1287 2809 1464 2895 Δήμητρας.

210 2909 229 2992 ἢ
252 2909 340 2993 παρὰ
361 2908 400 2977 τὸ
423 2908 583 2992 κωμάζειν
605 2911 699 2993 ίγέτιί
720 2912 780 2977 τῶι
802 2909 927 2990 κῶματι
949 2909 1044 2994 ωἰδή·
1067 2911 1171 2996 ἐπειδὴ
1194 2917 1245 2978 ἐπὶ
1260 2916 1287 2992 (Ι,
1306 2919 1390 2996 περί)
1404 2913 1464 2979 τὸν

210 3011 326 3096 καιρὸν
353 3022 416 3079 τοῦ
438 3011 545 3080 ύιιναυ
574 3011 633 3097 τὴν
655 3011 755 3096 ἀρχὴν
778 3016 944 3097 ἐφευρέδη.
988 3012 1007 3096 ἢ
1036 3012 1055 3096 ἡ
1082 3023 1151 3079 τῶν
1179 3024 1340 3099 κωμητῶν
1367 3013 1508 3099 ῶιδή·15

209 3123 314 3192 κῶμαι
336 3112 396 3198 γάρ
419 3119 567 3195 λέγονται
590 3119 622 3181 σί
644 3122 789 3197 μείζονες
811 3116 912 3199 άγροί.
959 3113 1177 3195 βλαπτόμενοι
1192 3114 1253 3200 γάρ
1268 3143 1352 3196 τινες
1366 3143 1465 3202 γεωρ-
1562 3190 1570 3206 ,

210 3222 262 3296 γαί
277 3214 364 3300 παρὰ
379 3224 448 3282 τῶν
460 3215 604 3301 Ἀθήνησι
626 3227 772 3283 πσλιτῶν
786 3216 956 3300 κατήιεσαν
971 3223 1043 3301 περί
1058 3216 1116 3283 τὸν
1132 3216 1246 3301 καιρὸν
1268 3228 1329 3284 τοῦ
1344 3217 1464 3302 ὕπνου,

208 3323 262 3382 καί
289 3316 467 3401 περιιόντες
494 3317 552 3397 τὰς
581 3318 694 3399 άγυιάς
721 3319 833 3400 ἔλεγον
856 3319 1004 3398 άνωνυμί
1033 3317 1090 3398 τὰς
1111 3317 1235 3399 βλάβας
1263 3318 1301 3398 ἃς
1323 3323 1463 3404 ἔπασχον
1539 3376 1542 3381 .

207 3417 272 3483 ὑπ’
287 3418 411 3500 αύτῶν,
434 3421 508 3487 οἷον
526 3421 684 3487 ‘inania
699 3425 785 3500 μένει
802 3448 850 3501 τις
869 3420 908 3486 τὰ
924 3428 977 3487 καί
991 3421 1031 3488 τά
1046 3422 1176 3488 παιών’.
1223 3429 1277 3488 καί
1292 3425 1326 3488 έκ
1341 3421 1462 3490 τούτου
1534 3453 1537 3460 ·

208 3518 309 3602 άνοχὴ
331 3530 399 3587 τῶν
422 3521 557 3588 α’δικιῶν
579 3507 708 3604 ἐγίνετο.

293 3810 326 3859 V.
344 3813 426 3873 petito
442 3812 505 3862 haee
524 3813 579 3863 sive
597 3795 610 3862 ο
626 3813 731 3863 scholiis
744 3814 772 3862 in
784 3813 902 3876 Dionysii
914 3812 1004 3862 Artem
1022 3812 1076 3862 sive
1094 3828 1128 3862 ex
1145 3814 1233 3862 eodem
1251 3815 1319 3863 unde
1336 3813 1384 3864 illo
1400 3830 1462 3878 pen·

207 3894 269 3942 dent
286 3900 389 3946 auctore

294 3998 324 4046 11
345 4000 383 4046 είε
400 3999 484 4047 aovin
500 3999 532 4060 V,
560 4000 619 4048 fort.
638 3999 767 4067 ἑκατέραν
832 4001 865 4050 13
883 4014 915 4048 τα
934 3999 1033 4049 αὑταιί
1094 4001 1126 4050 16
1144 3999 1236 4062 incipit
1253 4001 1366 4050 narratio
1384 4017 1463 4065 quam

208 4081 349 4143 pleniorem
367 4084 492 4147 proposui
509 4100 535 4135 n.
553 4085 591 4135 IV
609 4101 635 4148 p.
649 4087 680 4136 12
