3164 4800
201 285 241 342 52
626 281 673 331 DE
690 277 870 331 cononum
887 277 1028 328 GRAECA

164 491 168 497 ·
203 463 229 522 4.
254 457 395 537 διαφέρει
417 451 437 536 ἡ
459 456 625 530 κωμωιδία
646 459 703 533 τῆς
724 453 907 532 λοιδορίας·
936 450 1003 514 έπεί
1030 446 1049 531 ἢ
1078 451 1137 525 μέν
1163 452 1311 528 λοιδορία
1334 444 1458 530 άπαρα-

253 552 428 633 καλόπτως
449 552 489 619 τά
511 550 679 638 προσόντα
701 547 785 617 κακά
807 553 962 631 διέξεισιν,
986 547 1054 633 ἣδέ
1070 555 1169 615 δεῖται
1183 557 1241 630 τῆς
1255 552 1457 632 καλουμένης

255 654 429 739 ἐμφάσεως.
443 656 470 700 ¹⁸

204 770 230 829 5.
256 760 273 827 ὁ
298 757 460 825 σκώπτων
482 760 617 838 ἐλέγχειν
632 759 719 821 θέλει
734 751 946 838 ἁμαρτήματα
960 760 1018 837 τῆς
1032 761 1138 837 ψυχῆς
1152 758 1207 819 καί
1221 761 1282 820 τοῦ
1297 750 1455 832 σώματος.

204 871 230 931 6.
256 863 471 945 συμμετρία19
492 867 553 925 τοῦ
582 855 691 939 φόβου
718 860 806 922 θέλει
836 857 919 923 είναι
945 858 980 922 ἐν
1002 869 1073 934 ταῖς
1095 860 1300 939 τραγωιδίαις
1321 861 1374 922 καί
1396 863 1459 922 τοῦ

255 971 385 1046 γελοίου
408 965 444 1028 έν
465 976 535 1039 ταῖς
557 965 762 1038 κωμωιδίαις.

654 1119 679 1178 7.
704 1118 889 1191 κωμωιδίας
910 1108 1010 1195 όληῖθ

404 1328 511 1398 μῦθος
564 1247 647 1402 ἦθΙος
700 1247 828 1384 διάνΙοια
883 1247 967 1396 λέξις
1020 1319 1117 1394 μέλος
1175 1314 1260 1397 όψις.

255 1449 363 1520 μῦθος
384 1436 527 1517 κωμικός
548 1440 635 1504 έστιν
658 1434 676 1500 δ
701 1443 773 1519 περὶ
796 1444 924 1516 γελοίας
946 1431 1076 1518 πράξεις
1105 1432 1190 1516 έχων
1211 1431 1271 1518 τὴν
1294 1430 1456 1499 σύστασιν.

255 1536 319 1627 ἢθη
342 1546 525 1620 κωμωιδίας
546 1535 588 1605 τά
609 1563 644 1603 τε
664 1536 839 1618 βωμολόχα
862 1544 916 1603 καί
937 1536 977 1603 τά
1000 1535 1150 1620 είρωνικδι
1172 1543 1226 1603 καί
1244 1534 1284 1601 τά
1299 1544 1367 1601 τών
1382 1534 1460 1601 άλα·

255 1642 411 1727 ζόνων.21
456 1647 601 1718 διανοίας
622 1645 701 1724 μέρη
725 1637 795 1721 δύο,
818 1638 930 1723 γνώμη
953 1645 1006 1705 καί
1029 1646 1142 1716 πίστις.

711 1756 868 1837 (πίστεις)
890 1754 914 1823 ε’
924 1759 953 1801 ²²

325 1872 328 1879 ’
436 1859 1225 1945 Ρ-Ι-Ι-’Ὓῂ

413 1945 506 2031 δρκσι
551 1955 712 2030 συνθῆκαι
755 1953 929 2030 μαρτυρίαι
971 1942 1110 2033 βάσανοι
1154 1942 1249 2025 νόμοι

205 2074 233 2135 8.
257 2064 382 2150 κωμική
405 2069 471 2133 ἐστι
493 2070 578 2147 λέξις
599 2064 693 2150 κοινὴ
715 2073 770 2132 καὶ
792 2063 946 2149 δημώδης.
978 2069 1026 2130 δεῖ
1045 2062 1104 2131 τὸν
1126 2060 1377 2143 κωμωιδοποιὸν
1398 2057 1459 2144 τὴν

257 2168 396 2252 πάτριον
418 2168 524 2236 αὑτοῦ
544 2177 697 2250 γλῶσσαν
718 2184 789 2247 τοῖς
811 2165 1001 2251 προσώποις
1024 2171 1231 2250 περιτιθέναι,
1259 2163 1319 2248 τὴν
1341 2168 1374 2230 δέ
1396 2164 1461 2228 έπι·

252 2268 376 2354 χώριον
407 2271 507 2337 αότώι
536 2274 668 2337 έκείνωι.
681 2274 710 2316 ²³
753 2275 851 2349 μέλος
879 2278 937 2353 τῆς
957 2278 1114 2353 μουσικῆς
1136 2272 1222 2335 ἐστιν
1244 2270 1348 2335 ίδισν·
1379 2263 1460 2332 ὅθεν

256 2374 321 2440 ἀπ’
343 2377 465 2457 ἐκείνης
485 2372 543 2452 τὰς
565 2372 749 2451 αὐτοτελεῖς
771 2370 922 2456 α’φορμάς
944 2370 1045 2454 δεήσει
1055 2374 1084 2416 ²⁴
1106 2368 1290 2450 λαμβάνειν.
1336 2367 1356 2453 ἡ
1384 2367 1461 2450 ὄψις

255 2473 397 2559 μεγάλην
416 2483 527 2558 χρείαν
549 2490 620 2553 τοῖς
642 2473 779 2558 δράμασι
801 2473 861 2557 τὴν
882 2482 1076 2554 συμφωνίαν
1086 2476 1114 2517 ²⁵
1138 2477 1272 2556 παρέχει.
1311 2470 1328 2538 ὁ
1352 2479 1460 2550 μῦθος
1483 2484 1487 2491 ’

256 2583 309 2642 καί
332 2576 351 2659 ἡ
374 2582 458 2657 λέξις
480 2583 533 2643 καί
555 2574 594 2643 τὸ
615 2581 713 2656 μέλος
735 2580 770 2643 έν
792 2574 910 2655 πάσαις
932 2581 1129 2654 κωμωιδίαις
1150 2584 1366 2660 θεωροῦνται,
1394 2573 1462 2641 διά·
1532 2576 1554 2595 ”

256 2681 369 2745 ”mm
392 2685 424 2745 δὲ
446 2685 500 2745 καὶ
521 2674 604 2762 ἦθος
625 2685 679 2745 καὶ
701 2678 778 2760 ὄψις
800 2682 835 2745 έν
858 2679 989 2760 ὀλίγαις.

526 2839 553 2898 9·
577 2836 657 2916 μέθη
678 2841 735 2915 τῆς
757 2838 942 2911 κωμωιδίας
964 2833 1101 2915 τέσσαρα
1109 2833 1138 2874 ²⁷

715 2968 719 3037 Ι
953 2968 958 3035 Ι

408 3032 572 3118 πρόλογος
647 3035 784 3119 χορικόν
871 3035 1050 3102 ἐπεισόδιον
1132 3038 1252 3116 έξοδος.

291 3260 323 3309 18
345 3257 424 3309 Arist.
442 3258 502 3308 Eth.
520 3258 578 3309 Nic.
595 3260 634 3309 IV
652 3275 678 3322 p.
692 3261 779 3310 1128ε
796 3260 830 3309 20
852 3259 868 3322 η
894 3263 945 3308 τοῦ
964 3252 1122 3323 ἐλευθερίου
1145 3250 1245 3307 παιδιὰ
1267 3252 1392 3327 διαφέρει
1415 3265 1462 3327 τῆς

207 3348 258 3392 τοῦ
273 3336 522 3409 ἀνδραποδώδουε,
546 3345 591 3392 καί
610 3343 646 3393 αδ
663 3349 713 3393 τοῦ
730 3336 951 3408 πεπαιδευμένου
968 3345 1014 3391 καί
1032 3335 1214 3392 ἀπαιδεύτου·
1242 3336 1299 3394 ἴδοι
1318 3338 1335 3394 δ
1340 3334 1347 3355 '
1367 3345 1404 3397 ἄν
1421 3362 1464 3399 m

204 3430 250 3476 καί
268 3429 297 3476 έκ
315 3433 374 3476 τῶν
391 3420 560 3492 κωμωιδιῶν
578 3432 637 3478 τῶν
655 3421 782 3478 παλαιῶν
805 3431 851 3477 καί
869 3433 928 3478 τῶν
945 3431 1065 3477 καινῶν·
1089 3434 1147 3476 ποτε
1161 3428 1215 3492 μέν
1231 3429 1283 3495 γὰρ
1302 3426 1336 3492 ἦν
1352 3425 1461 3498 γελοῖον

205 3513 221 3576 ἡ
241 3505 429 3579 αίσχρολογία,
448 3521 506 3562 τοτε
523 3506 554 3562 δέ
570 3505 675 3578 μᾶλλον
692 3512 708 3575 ἡ
725 3512 846 3563 ὑπόνοια
863 3513 890 3575 (i.
903 3528 924 3562 ε.
943 3511 1098 3580 ηίμφααιι)
1190 3515 1222 3564 19
1241 3515 1383 3580 σύμμετρα
1400 3516 1461 3566 eod:

204 3611 270 3647 corr.
286 3612 301 3646 e
319 3595 368 3662 §2
472 3599 506 3649 20
528 3598 562 3647 σέ.
580 3597 661 3647 Arist.
678 3597 750 3646 Poet.
767 3599 819 3647 αδ
922 3599 953 3649 21
977 3596 1058 3647 Arist.
1076 3597 1136 3647 Eth.
1153 3597 1210 3648 Nic.
1228 3598 1256 3646 Π
1276 3614 1302 3662 p.
1322 3600 1410 3653 noea
1426 3602 1460 3653 21

205 3683 222 3746 η
246 3677 275 3732 δέ
299 3685 482 3750 προαποίησιε
503 3683 519 3747 ἡ
540 3684 594 3748 μέν
616 3684 663 3732 λπί
681 3683 713 3731 τὸ
730 3680 828 3743 μεῖζον
845 3676 990 3743 ἀλαζονεία
1012 3684 1057 3731 καί
1076 3683 1091 3732 δ
1109 3681 1180 3746 ἔχων
1202 3683 1289 3746 αὐτήν
1306 3680 1425 3750 ἀλαζών,
1445 3689 1461 3752 η

183 3761 236 3837 ιδέ
260 3769 307 3816 ίπί
330 3768 362 3816 τδ
384 3761 500 3818 ἔλαττον
522 3768 650 3835 είρωνεία
671 3769 717 3815 καί
740 3764 832 3832 είρων.
867 3769 930 3834 περὶ
955 3760 985 3816 δέ
1009 3768 1042 3816 τδ
1064 3759 1115 3830 ἡδὺ
1140 3768 1173 3817 τδ
1191 3769 1245 3832 μέν
1267 3772 1298 3819 ἐν
1315 3764 1461 3823 παιδιιῑιδ

203 3854 256 3917 μέν
272 3854 355 3916 μίσει
371 3845 535 3919 εὐτράπελον
552 3854 597 3901 καί
615 3851 631 3916 η
651 3845 777 3901 διάθεσιν
794 3844 970 3918 εὐτραπελία,
992 3853 1008 3916 η
1028 3844 1058 3901 δέ
1074 3846 1212 3919 δπερβολη
1238 3849 1398 3920 βωμολοχία
1414 3861 1462 3907 καί

205 3938 220 3987 δ
239 3936 310 4001 ἔχων
329 3936 414 3998 αὐτὴν
431 3929 591 4001 βωμολόχος
608 3929 664 3986 κτλ.
767 3936 801 3985 22
825 3929 867 3985 ιιό
886 3936 941 3988 eod.
959 3942 1024 3987 teste
1041 3938 1172 4001 Cramero,
1194 3921 1232 4006 ίίέ·
1246 3944 1313 3989 teste
1330 3940 1461 3993 Bonum:

203 4022 354 4086 suppletum
372 4036 405 4070 ex
422 4020 502 4070 Arist.
520 4020 596 4070 Bhet.
614 4021 628 4069 I
648 4023 735 4073 1375a
751 4022 785 4072 24
812 4022 882 4072 είσὶν
905 4015 934 4072 δέ
958 4024 1042 4072 πέντε
1066 4025 1116 4074 τὸν
1138 4022 1264 4090 ἀριθμόν
1281 4024 1323 4087 (αλ
1338 4025 1463 4091 ἔντεχνον

205 4108 328 4169 πίστεις),
352 4107 435 4171 νόμοι
456 4106 591 4172 μαρτυρες
614 4103 754 4171 συνθῆκαι
773 4107 895 4169 βάσανοι
918 4107 1005 4174 δρκοε.
1040 4112 1154 4158 aeterum
1177 4109 1264 4173 inepte
1286 4111 1349 4161 haee
1372 4112 1461 4164 addita

204 4206 259 4242 εεεε
281 4189 361 4240 sensit
383 4191 520 4241 Cramerun
623 4192 656 4244 23
679 4191 768 4241 αδτωι
790 4191 843 4241 τῶι
866 4188 949 4251 ξένωι
965 4192 1093 4256 Bernays,
1117 4194 1216 4257 requin'
1232 4194 1338 4244 videtur
1361 4198 1412 4260 τήν
1431 4191 1462 4248 δέ

205 4277 354 4343 ἐπιχώριον
373 4276 489 4325 ἑκάστου
508 4272 561 4324 τῶι
578 4271 661 4334 ξίνωι
741 4278 774 4327 24
793 4271 874 4342 δεήσῃ
893 4276 941 4326 eod
1026 4279 1059 4330 25
1078 4282 1123 4343 τῆι
1141 4281 1314 4347 ψυχαγωγίαν
1331 4282 1374 4331 vel
1392 4283 1462 4351 πρδε

206 4363 257 4425 τήν
275 4363 455 4429 ψυχαγωγίαν
471 4360 587 4424 Βετααγε
604 4361 671 4412 conl.
688 4361 769 4413 Arist.
787 4362 858 4412 Poet.
878 4363 939 4424 61).
958 4363 1047 4415 14501)
1066 4366 1097 4417 17
1201 4366 1234 4415 26
1260 4357 1382 4417 διάνοιαι
1398 4368 1460 4418 eod:

205 4462 270 4498 οοττ.
287 4445 375 4510 Bergk
477 4446 835 4498 2701.Ατ1ι1.Ρσε1.α.12
1002 4464 1006 4471 ’
