3164 4800
221 247 260 305 26
483 261 485 264 “
648 252 695 301 DE
713 251 893 302 COMOEDIA
909 251 1050 302 GRAECA

219 419 265 497 ῶς
281 417 469 502 ιτρισάθλια
490 427 544 486 καί
565 420 846 505 τρισταλαίπωρα’
870 423 1035 501 (Menandri
1056 422 1092 488 ir.
1118 426 1179 484 452
1191 422 1232 498 Κ)
1255 421 1372 501 ἔκγονα
1401 442 1480 502 φρε-

218 521 276 600 νὸς
299 525 510 605 ἐξεστηκυίας,
544 527 785 607 πεπαταγμένης
813 531 867 589 καί
897 523 1053 604 ἀπαγοῦς.
1100 531 1126 590 5.
1153 520 1259 588 δεινὸν
1282 520 1344 604 γάρ
1366 520 1408 586 ἂν
1431 522 1523 602 είηθ)

217 630 272 689 καί
294 619 431 705 άτοπον,
460 630 488 690 εί
507 623 683 708 Εὐριπίδης
712 625 774 692 ούκ
803 625 851 692 ῶν
883 623 1066 706 φιλόσοφος
1088 621 1299 707 ἐκωμωιδήθη
1317 620 1481 706 ισῶφρων

216 726 359 805 μᾶλλον
384 724 484 792 εἰπών
508 730 582 802 (Alo.
606 733 675 790 182.
703 731 795 791 Arist.
817 731 872 806 Eq.
902 731 1004 804 1252),
1038 728 1057 793 ὁ
1087 724 1231 809 πανδαὴς
1261 732 1293 792 δέ
1315 732 1369 791 καί
1391 727 1481 791 αἰθέ-

218 854 289 911 ριος
321 835 375 893 καί
407 825 532 907 πάντας
565 829 678 907 ἁπλῶς
708 828 833 909 σοφούς
864 827 1025 912 διασύρων
1058 827 1180 911 (ψυχὴν
1210 826 1481 911 ἀθανατωτέραν’

217 931 318 997 εἰπὼν
341 935 468 1009 (Aristoi.
494 933 532 994 de
555 952 600 997 an.
625 954 654 1011 p.
672 940 760 995 illa
786 940 835 1008 ll)
863 939 917 998 καί
937 940 1044 1016 ,μυρία
1072 927 1224 1015 μυριάκις
1246 933 1336 1014 έτερα
1359 928 1479 1009 ἀτοπα,

217 1040 245 1099 εἰ
264 1032 307 1117 μὴ
329 1031 391 1099 κάν
415 1031 459 1111 ὡς
474 1031 679 1114 ἀφιλάσοφος
693 1034 875 1118 Εὐριπίδης.
911 1033 995 1100 ἀλλά
1009 1060 1065 1113 μοι
1080 1030 1362 1117 παρατροχάσαντι
1376 1029 1482 1097 τόσον
1493 1041 1523 1090 45

216 1134 315 1201 πάλιν
338 1135 542 1218 ἀναληπτέον
564 1144 626 1202 τοῦ
647 1134 750 1217 λόγου
772 1134 813 1203 τά
835 1144 951 1221 καίρια.

14 1317 16 1323 -
86 1292 189 1347 μανι(
300 1274 330 1335 ΙΙ
353 1279 379 1338 6.
405 1275 438 1337 αί
461 1278 609 1354 σκηνικαί
630 1279 748 1352 βίβλοι,
772 1270 820 1340 ὧν
842 1280 896 1339 καί
919 1277 951 1338 ai
973 1280 1029 1357 τῆς
1049 1277 1233 1350 κωμωιδίας
1248 1276 1336 1343 εἰσίν,
1362 1263 1480 1348 ὧςκαί

215 1373 394 1456 προλαβὼν
423 1370 586 1457 πρότερον
616 1376 735 1457 εἴρηκα,
769 1383 823 1441 καί
852 1372 1060 1459 ω’ρθιύθησαν
1082 1380 1136 1438 καί
1157 1382 1295 1451 πολλοῖς
1318 1369 1480 1455 ἀνδράσιν

215 1473 467 1559 έπεξηγήθησαν,
507 1482 561 1540 καί
593 1474 727 1558 ἥκιστον
767 1475 786 1560 ἢ
822 1475 991 1558 ἐλάχιστον
1023 1474 1061 1541 τὸ
1096 1467 1292 1558 ἐπιλήψιμον
1332 1472 1476 1557 έχουσιν.

218 1585 243 1644 7.
276 1580 343 1643 ἐπεί
372 1582 405 1643 δέ
433 1575 562 1658 Σαπφὼ
596 1581 634 1642 σύ
663 1576 723 1662 τὴν
756 1579 833 1664 ἐμὴν
873 1583 992 1657 ἐθέλεις
1023 1588 1083 1644 τῶι
1117 1587 1179 1644 νῦν
1213 1581 1520 1659 ἐμφιλοχωρῆσαισσ

215 1677 452 1763 συγγράμματι,
486 1687 540 1745 καὶ
568 1677 628 1762 τὴν
650 1679 761 1764 Γοργὼ
788 1687 821 1748 δέ
849 1680 888 1747 τὸ
909 1684 1113 1759 Κλεομένους
1142 1677 1332 1763 θυγάτριον,
1365 1675 1480 1744 Πειθώ

214 1789 324 1848 τεκαὶ
345 1781 404 1866 τὴν
426 1781 770 1867 μεγαλοπρεπεστάτην
793 1782 984 1862 Πολύμνιαν
1012 1788 1066 1847 καί
1083 1783 1271 1867 Ἀφροδίτην
1297 1778 1400 1861 λόγου
1421 1787 1479 1846 καί

214 1884 355 1969 Χάριτας
377 1893 600 1968 περιχορεῦσαι
616 1882 654 1951 τὸ
671 1883 878 1968 ἐναρμόνιον,
899 1885 965 1951 ιτοί
987 1889 1046 1963 μέν
1069 1882 1152 1965 ἐγὼν
1175 1887 1264 1967 ἐρέω,
1288 1883 1326 1949 σύ
1350 1889 1383 1948 δέ
1399 1880 1479 1948 σύν-

213 1996 273 2054 θεο
295 1994 351 2052 καί
370 2011 430 2065 μευ
453 1985 616 2053 ἀκουσον’
631 1991 669 2065 (Α
691 1995 737 2053 76.
763 1993 884 2064 2334).
926 1992 952 2052 8.
979 1991 1104 2070 ἱστορία
1128 1988 1176 2062 (ci
1201 1989 1311 2053 Herod.
1336 1988 1365 2048 11
1391 1991 1474 2062 134).

212 2087 231 2171 ἡ
258 2087 388 2170 Σαπφὼ
416 2097 524 2166 μελῶν
552 2096 698 2171 λυρικῶν
725 2088 850 2173 ὑπῆρχε
878 2086 1040 2173 ποιήτρια,
1073 2096 1277 2173 Μιτυληναία
1306 2084 1391 2155 οὖσα
1416 2096 1520 2153 τῶι55

213 2194 306 2271 γένει’,
329 2186 643 2275 Σκαμανδρωνύμου
666 2189 821 2274 θυγάτηρ.
852 2189 1004 2274 Χάραξος
1027 2195 1060 2256 δέ
1081 2187 1122 2274 ἦν
1144 2191 1243 2274 αὐτῆς
1265 2188 1415 2271 ἀδελφάς,
1439 2187 1478 2269 ὃς

214 2290 272 2373 την
295 2291 456 2358 Ῥοδῶπιν
483 2291 544 2376 τὴν
572 2293 714 2375 έταιρίδα
742 2295 777 2358 ἐκ
798 2292 935 2368 Ξάνθου
965 2291 1125 2376 ω’νήοατο,
1162 2291 1324 2372 Ἰάδμονος
1353 2289 1476 2375 δούλην

214 2391 436 2477 ὑπάρχουσαν,
461 2391 647 2460 σύνδουλον
670 2399 703 2461 δέ
725 2405 786 2461 τοῦ
803 2404 986 2476 λογοποιοῦ
1000 2403 1055 2461 καί
1069 2393 1289 2478 μυθογράφου
1305 2391 1476 2475 Αἰσώπου,
1555 2464 1560 2473 ,

214 2502 267 2560 καὶ
289 2493 402 2579 ταύτηι
425 2505 535 2579 συνῆν.
575 2504 630 2562 καί
651 2493 774 2563 τούτου
797 2499 904 2563 ένεκεν
925 2495 1083 2581 ηάδελφὴ
1099 2495 1221 2564 τούτου
1236 2493 1366 2577 Σαπφὼ
1387 2499 1476 2575 μέλει
1523 2487 1526 2492 ’

213 2601 261 2663 ένί
283 2606 352 2663 τῶν
374 2595 473 2681 αὑτῆς
494 2597 694 2665 καθάπτεται
717 2599 758 2666 ού
779 2609 925 2684 μετρίως.
952 2596 994 2667 ’9.
1020 2604 1146 2684 ίστορία
1169 2600 1218 2672 (ef.
1243 2600 1356 2661 Herod.
1379 2600 1474 2665 v51.
1488 2609 1518 2659 60

213 2702 271 2761 VH
293 2705 365 2764 239.
387 2702 431 2763 VI
456 2700 516 2777 75).
563 2698 674 2783 Γοργὼ
701 2706 734 2767 δέ
760 2700 908 2786 θυγάτηρ
936 2697 977 2785 ἦν
999 2705 1201 2781 Κλεομένους
1227 2709 1290 2767 τοῦ
1311 2710 1477 2783 Σπαρτια-

213 2809 282 2867 τῶν
303 2806 470 2882 βασιλέως,
499 2801 580 2887 γυνη
609 2810 641 2870 δέ
663 2809 829 2871 Λεωνίδου
852 2808 978 2871 ἐκείνου
1000 2812 1061 2870 τοῦ
1082 2800 1240 2882 βασιλέως
1261 2810 1316 2869 καί
1338 2821 1475 2886 στρατη-

212 2912 285 2983 γοῦ,
318 2901 406 2970 πάνυ
439 2908 584 2989 ἐχέφρων
612 2912 666 2972 καί
694 2903 857 2990 νουνεχής.
903 2913 957 2972 καί
987 2904 1047 2989 γάρ
1078 2902 1227 2988 ἐνναετὴς
1256 2902 1340 2972 οὖσα
1370 2906 1475 2971 έπεισε
1527 2953 1528 2956 ,

163 3014 165 3019 '
212 3009 334 3088 πατέρα
355 3003 414 3072 τὸν
437 3009 552 3091 ἑαυτῆς
573 3005 615 3091 μὴ
639 3017 811 3091 πεισθῆναι
828 3006 1046 3093 Ἀρισταγόραι
1076 3017 1136 3073 τῶι
1153 3007 1302 3074 Ἱστιαίου
1324 3014 1474 3090 γαμβρῶι

211 3113 265 3171 καί
287 3107 434 3191 ἀνεψιῶι,
468 3114 605 3176 είποῦσα
620 3107 794 3193 ιἀπατήσει
816 3129 850 3176 σε
873 3109 892 3176 δ
915 3114 1018 3191 ξένος,
1053 3108 1164 3193 πάτερ,
1193 3116 1222 3176 εἰ
1249 3109 1292 3196 μὴ
1315 3108 1516 3192 ἀποστῆιςδσ

212 3207 274 3273 ἀπ’
297 3209 428 3278 αύτοῦ’.
463 3218 517 3277 καί
538 3202 678 3295 ὕστερον
701 3217 733 3277 δέ
756 3210 844 3296 παρά
866 3211 1060 3296 Δημαράτου
1083 3210 1211 3295 γράμμα
1228 3215 1344 3277 σταλέν
1359 3218 1473 3277 πίνακι

212 3316 439 3395 κεκηρωμένωι
460 3313 512 3380 διὰ
535 3311 642 3394 φόβον
664 3313 893 3395 ὁδοφυλάκων,
921 3320 1043 3397 δηλοῦν
1066 3319 1098 3379 δέ
1120 3329 1191 3393 τοῖς
1211 3311 1343 3379 Λάκωσι
1365 3311 1473 3378 πάντα

211 3412 270 3478 τὸν
291 3409 417 3497 Ξέρξου
440 3415 576 3498 σκοπόν,
598 3413 734 3500 μηδενὸς
757 3420 790 3482 δέ
811 3442 842 3480 τι
863 3424 987 3498 γνῶναι
1009 3414 1189 3498 ἰσχύοντος,
1212 3413 1295 3499 αὕτη
1316 3429 1386 3492 τοῖς
1406 3411 1472 3481 Δά-

211 3534 313 3582 κωσιν
343 3518 419 3599 είπε,
453 3525 507 3584 καί
536 3522 683 3599 ξέσαντες
710 3516 769 3584 τὸν
791 3516 893 3602 κηρὸν
916 3514 1014 3600 εὗρον
1036 3515 1205 3600 γράμματα
1228 3522 1391 3599 δηλοῦντα
1412 3515 1472 3583 τὸν

86 3634 88 3638 “
209 3617 337 3701 Ξέρξου
353 3618 488 3687 σκοπόν.
525 3619 659 3703 τοιαύτη
680 3623 740 3698 ’μέν
762 3616 803 3704 ἦν
825 3619 988 3704 ηΓοργῶ·
1011 3620 1030 3686 ὸ
1054 3625 1086 3685 δέ
1108 3616 1228 3702 ταύτης
1249 3616 1353 3702 πατὴρ
1375 3628 1516 3686 lilino-70

210 3723 306 3803 μένης
327 3730 439 3802 μανείς
459 3721 599 3807 μεληδὸν
627 3719 745 3789 ἑαυτὸν
773 3727 952 3804 κατέτεμεν,
986 3719 1052 3787 ἀπὸ
1080 3729 1213 3804 κνημῶν
1242 3718 1471 3805 ἀπαρξάμενος

209 3825 299 3907 μέχρι
321 3824 460 3908 γαστρὸς
480 3833 534 3891 καὶ
557 3828 738 3892 ἐντοσθίων
761 3825 882 3891 αὐτῶν.
923 3833 969 3892 10.
996 3817 1129 3907 ίστορία.
1160 3817 1305 3905 ηΠειθὼ
1325 3832 1383 3904 μία
1405 3828 1471 3892 ἐστί

80 3953 103 3996 p.
113 3941 182 3986 1181<
210 3933 278 3989 τῶν
303 3933 465 4008 Χαρίτων,
498 3926 518 4010 η
547 3926 718 4008 Πολύμνια
751 3933 785 3994 δὲ
813 3935 869 4006 μία
898 3931 964 3995 ἐστὶ
993 3934 1060 3992 τῶν
1089 3921 1241 3993 Μουσῶν.
1288 3924 1377 3994 ούτω
1410 3933 1470 4008 μέν

209 4035 311 4122 ταῦτα
334 4028 417 4093 καθ’
439 4033 585 4112 ίστορίαν
607 4038 662 4096 καὶ
684 4038 913 4114 πραγματικῶς
936 4026 1074 4110 ἔχουσιν.
1121 4026 1183 4108 ἐγὼ
1215 4033 1247 4094 δέ
1273 4029 1471 4113 χαριεντιζό·

297 4251 330 4301 45
349 4252 375 4298 ει
388 4252 427 4316 μη
440 4245 497 4301 κτλ.
514 4253 577 4302 haee
595 4258 719 4317 corrupta
784 4256 817 4305 50
836 4246 946 4316 ιχιλιιι
964 4254 1027 4318 περι
1047 4253 1094 4314 τῆς
1111 4257 1238 4318 eamne
1254 4250 1291 4302 ιι1
1302 4252 1330 4301 in
1341 4231 1470 4326 magna

103 4391 105 4395 ,
209 4349 261 4397 quo
282 4339 368 4386 tamen
390 4337 498 4386 oonsilio
519 4337 582 4387 haee
605 4337 740 4389 interiecta
761 4339 813 4390 sint
836 4337 972 4388 continuae
994 4334 1150 4397 narrationi,
1173 4335 1233 4387 Vide
1255 4338 1369 4401 lepidam
1387 4339 1471 4404 έθθῑί18

209 4420 317 4470 Tzetnne
335 4420 534 4485 explicationem
552 4436 579 4472 v.
600 4424 631 4473 75
735 4425 769 4475 60
787 4425 882 4491 ἕτερον
900 4417 1010 4487 αχόλιον
1027 4421 1064 4474 A²
