3164 4800
217 275 237 331 4
643 273 689 321 DE
707 269 887 322 COMOEDIA
904 271 1044 322 GRAECA

215 452 378 529 Κρατίνου
399 449 454 508 καὶ
474 439 658 518 Εὐπόλιδος
682 445 865 518 κωμωιδίας
887 437 1048 522 ἀφόρητοί
1074 465 1158 518 τινες
1180 437 1261 521 κατὰ
1284 448 1350 504 τῶν
1372 438 1471 523 ἀμαρ-

215 546 385 613 τανόντων
408 541 488 628 ήσαν
511 549 542 610 οἱ
565 549 704 625 ποιηταί.
741 539 859 610 λοιπὸν
882 545 915 605 δέ
929 549 985 623 τῆς
1007 548 1221 625 δημοκρατίας
1236 541 1471 626 ὑποχωροῦσης

190 673 198 689 ·’
214 647 282 715 ὑπὸ
297 658 365 715 τῶν
380 644 461 713 κατά
477 643 535 724 τόις
548 639 681 727 Ἀθήνας
695 640 950 726 τυραννιῶντων
966 650 1020 708 καί
1034 648 1269 727 καθισταμένης
1284 643 1469 727 ὀλιγαρχίας
1481 658 1510 707 15

215 759 267 817 καί
284 745 544 830 μεταπιπτούσης
564 755 621 829 τῆς
643 748 791 824 ε’ξουσίας
811 753 872 810 τοῦ
893 742 994 826 δήμου
1010 750 1053 823 εἰς
1068 746 1201 828 ὀλίγους
1214 744 1305 824 τινάς
1327 753 1381 812 καὶ
1395 772 1471 830 κρα-

215 857 393 935 τυνομένης
414 860 470 933 τῆς
493 848 677 931 ὀλιγαρχίας
699 848 845 912 ἐνέπιπτε
872 862 942 925 τοῖς
964 865 1111 930 ποιηταῖς
1133 848 1245 929 φόβος.
1292 855 1321 909 4.
1345 847 1386 914 ου’
1408 847 1469 931 γὰρ

214 953 256 1039 ήν
280 980 353 1021 τινα
378 960 558 1036 προφανῶς
583 946 753 1030 σκώπτειν,
786 955 875 1027 δίκας
900 948 1129 1016 ἀπαιτούντων
1154 959 1222 1016 τῶν
1248 949 1470 1033 ὑβριζομένων

215 1056 302 1141 παρὰ
323 1064 391 1122 τῶν
414 1061 574 1136 ποιητῶν·
608 1054 699 1129 ἴσμεν
725 1060 807 1132 γοῦν
832 1049 891 1116 τόν
912 1050 1058 1117 Εόπολιν
1088 1055 1139 1118 έπί
1165 1062 1224 1118 τῶι
1247 1049 1370 1131 διδάξαι
1392 1050 1470 1132 τοὶ-ς

166 1164 169 1169 ’
214 1150 345 1237 Βάπτας
360 1157 579 1235 ἀποπνιγέντα
602 1158 645 1230 είς
660 1151 718 1236 τήν
734 1149 904 1219 θάλασσαν
922 1151 985 1219 ὑπ’
1001 1156 1125 1220 ἐκείνου
1141 1159 1185 1233 εἰς
1200 1152 1238 1221 tv
1253 1163 1375 1237 καθῆκε
1389 1153 1468 1234 τοὺς
1478 1166 1509 1216 20

215 1261 354 1340 Βάπτας.
402 1265 428 1325 5.
453 1264 507 1323 καί
529 1254 580 1321 διὰ
594 1264 703 1339 ,τοῦτο
725 1253 935 1338 ὀκνηρότεραι
958 1253 1040 1339 πρός
1061 1254 1101 1321 τά
1122 1255 1297 1335 σκώμματα
1320 1260 1469 1337 ε’γένοντο

215 1371 268 1429 καί
290 1365 442 1428 ἐπέλιπον
465 1364 497 1425 oi
516 1365 669 1442 χορηγοί·
698 1355 739 1422 οό
760 1346 824 1440 γάρ
849 1359 895 1422 έτι
918 1365 1107 1441 προθυμίαν
1137 1361 1224 1440 είχον
1253 1364 1284 1425 oi
1307 1358 1470 1442 Ἀθηναῖοι

216 1463 294 1543 τοὺς
318 1460 480 1546 χορηγοὺς
508 1458 587 1538 τοὺς
614 1457 673 1537 τὰς
695 1457 840 1537 δαπάνας
868 1475 938 1538 τοῖς
957 1475 1128 1544 χορευταῖς
1149 1464 1348 1543 παρέχοντας
1366 1487 1470 1545 χειρο-

181 1647 184 1653 .
217 1581 333 1642 τονεῖν.
379 1563 438 1629 τὸν
467 1571 549 1644 γοῦν
572 1566 798 1627 Αίολοσίκωνα
820 1561 1048 1644 Ἀριστοφάνης
1075 1566 1225 1644 ἐδίδαξεν,
1255 1559 1292 1640 ὀς
1319 1563 1380 1629 οῦκ
1409 1567 1469 1645 ἔχει

216 1671 255 1735 τὰ
274 1665 391 1751 χορικόι
413 1670 499 1748 μέλη.
547 1671 573 1730 6.
598 1671 666 1728 τῶν
688 1660 748 1746 γάρ
767 1672 920 1746 χορηγῶν
942 1662 984 1747 μή
1002 1669 1304 1746 χειροτονουμένων
1322 1672 1376 1730 καί
1398 1675 1466 1731 τῶν
1477 1677 1508 1726 25

213 1779 380 1855 χορευτῶν
413 1767 475 1834 οῦκ
504 1764 647 1848 ἐχόντων
674 1762 732 1842 τὰς
758 1762 883 1848 τροφάς
911 1764 1103 1849 ῦπεξηιρέθη
1136 1775 1192 1848 τῆς
1217 1773 1400 1845 κωμωιδίας
1428 1794 1469 1833 τα

213 1870 329 1956 χορικδι
356 1875 434 1953 μέλη
462 1876 516 1934 καί
544 1876 612 1933 τῶν
633 1864 825 1933 ὑποθέσεων
854 1866 872 1932 ὃ
897 1866 1000 1946 τόπος
1027 1865 1214 1951 μετεβλήθη.
1260 1879 1387 1935 σκοποῦ
1407 1896 1468 1953 γαρ

217 1973 314 2053 ὀντος
337 1982 387 2056 τῆι
407 1971 533 2055 ἀρχαίαι
555 1975 733 2048 κωμωιδίαι
754 1977 817 2037 τοῦ
832 1966 992 2035 σκώπτειν
1013 1968 1223 2052 δημαγωγοὺς
1241 1973 1297 2036 καὶ
1319 1970 1468 2050 δικαστάς

218 2083 272 2142 καί
288 2072 501 2158 στρατηγούς,
525 2078 636 2155 παρείς
658 2068 677 2135 ὃ
701 2067 927 2154 Ἀριστοφάνης
948 2080 1009 2137 τοῦ
1027 2070 1178 2155 συνήθως
1200 2071 1394 2154 ἀποσκῶφαι
1417 2072 1468 2139 διὰ

216 2178 275 2244 τὸν
296 2175 402 2243 πολὺν
432 2173 538 2256 φόβον
562 2176 685 2239 Αἴολον
713 2168 752 2236 τὸ
774 2177 878 2255 δρᾶμα
906 2171 944 2238 τὸ
966 2178 1088 2256 γραφὲν
1109 2188 1179 2251 τοῖς
1200 2181 1392 2257 τραγωιδοῖς
1420 2174 1508 2253 ὡςθσ

216 2289 325 2358 κακῶς
347 2281 420 2360 ίχον
442 2274 592 2358 διασόρει.
642 2282 667 2340 7.
692 2282 842 2351 τοιοῦτος
865 2270 926 2339 οὖν
949 2277 1034 2340 έστιν
1057 2273 1075 2340 δ
1097 2284 1154 2358 τῆς
1167 2279 1263 2358 μέσης
1285 2283 1468 2356 κωμωιδίας

215 2382 318 2459 τόπος
341 2378 411 2459 οἷός
433 2382 519 2465 ἐστιν
542 2377 561 2443 ὁ
585 2381 792 2443 Αίολοσίκων
814 2374 1065 2458 Ἀριστοφάνους
1087 2383 1141 2442 καί
1164 2383 1195 2444 οί
1218 2377 1371 2457 Ὀδυσσεῖς
1386 2391 1469 2463 Κρα-

215 2493 309 2550 τίνου
335 2489 389 2548 καί
412 2491 544 2547 πλεῖστα
566 2487 635 2544 τῶν
656 2486 806 2543 παλαιῶν
829 2475 1001 2561 δραμάτων
1031 2477 1107 2544 οὗτε
1125 2478 1242 2562 χορικά
1271 2479 1345 2546 οότε
1367 2506 1468 2564 παρα-

215 2584 322 2666 βάσεις
358 2586 479 2667 ίχοντα.
498 2583 510 2664 ΙΙ
534 2587 562 2644 8.
591 2577 771 2663 παράβασις
805 2583 837 2645 δέ
870 2582 935 2645 ἐστι
962 2578 1001 2646 τὸ
1032 2590 1181 2647 τοιοῦτο·
1217 2580 1295 2660 μετὰ
1323 2580 1361 2647 τὸ
1389 2583 1468 2661 τοὺς

209 2685 393 2770 ’ῦποκριτδις
420 2692 482 2750 τοῦ
508 2680 642 2767 πρῶτον
670 2686 789 2765 μέρους
814 2686 1046 2766 πληρωθέντος
1074 2680 1139 2748 ἀπὸ
1168 2692 1223 2766 τῆς
1245 2693 1363 2767 σκηνῆς
1388 2683 1506 2750 ἀνα-35

213 2798 372 2873 χωρῆσαι,
396 2785 440 2865 ὡς
462 2785 502 2851 ἀν
524 2783 565 2867 μή
589 2781 627 2849 τὸ
643 2787 784 2867 θέατρον
805 2782 906 2867 ἀργὸν
927 2781 960 2868 ήι
982 2792 1036 2850 καί
1058 2784 1076 2850 ό
1095 2791 1194 2867 δῆμος
1216 2785 1315 2869 ἀργὸς
1335 2791 1468 2870 καθέζη-

215 2917 283 2972 ται,
307 2889 326 2955 ὀ
337 2887 438 2972 χορὸς
460 2886 521 2952 οόκ
543 2888 625 2968 ἔχων
648 2885 730 2970 πρὸς
744 2884 822 2965 τοὺς
836 2885 1016 2969 ὑποκριτάς
1037 2891 1237 2967 διαλέγεσθαι
1254 2886 1467 2972 ἀπόστροφον

216 2996 355 3059 ἐποιεῖτο
378 2988 460 3074 πρὸς
473 2986 534 3054 τὸν
550 2994 670 3070 δῆμον·
691 2987 772 3054 κατὰ
788 2993 821 3053 δὲ
836 2986 894 3071 τήν
908 2986 1120 3072 ἀπόστροφον
1143 2992 1267 3071 έκείνην
1289 2994 1320 3055 οἱ
1337 2996 1467 3071 ποιηταί

216 3093 277 3160 διὰ·
290 3101 353 3160 τοῦ
370 3100 476 3175 χοροῦ
502 3089 520 3173 ή
545 3089 626 3174 ὑπὲρ
648 3093 774 3156 ἑαυτῶν
795 3090 1018 3171 ἀπελογοῦντο
1046 3089 1065 3173 ἢ
1088 3080 1160 3174 περὶ
1182 3097 1345 3174 δημοσίων
1368 3116 1467 3174 πραγ-

214 3194 328 3276 μάτων
356 3190 551 3277 εἰσηγοῦντο.
596 3191 615 3275 ῆ
645 3198 677 3258 δέ
706 3188 886 3276 παράβασις
914 3195 1095 3275 ἐπληροῦτο
1124 3191 1175 3258 διὰ
1202 3199 1377 3277 μελυδρίου
1409 3200 1505 3259 natio

215 3305 397 3378 κομματίου
425 3303 479 3361 καί
507 3303 649 3378 στροφῆς
674 3301 728 3359 καὶ
751 3292 971 3378 ἀντιστρόφου
1000 3301 1053 3359 καί
1076 3290 1290 3378 έπιρρήματος
1317 3302 1371 3361 καί
1393 3295 1467 3362 ἀντ-

216 3397 429 3494 επιρρήματος
461 3404 516 3462 καί
544 3396 764 3462 ἀναπαίστων.
781 3397 792 3478 ΙΙ
817 3403 843 3462 9.
874 3394 913 3462 τά
945 3401 1004 3475 μέν
1036 3393 1096 3479 γάρ
1130 3398 1244 3478 έχοντα
1278 3393 1337 3475 τάς
1365 3422 1467 3480 παρα·
1510 3417 1513 3424 ’

284 3673 316 3722 15
335 3669 550 3736 τυραννιῶντων
567 3669 602 3718 E:
626 3671 838 3736 τυραννούντων
854 3668 953 3719 Fonld
1005 3671 1038 3720 16
1057 3683 1133 3720 τιναε
1149 3685 1198 3719 om.
1216 3669 1315 3719 FGAld
1368 3672 1399 3722 17
1419 3675 1466 3735 τῆς

214 3755 357 3818 om.G(oi.
369 3769 395 3804 τ.
405 3754 446 3816 15)
518 3755 549 3806 17
567 3753 628 3803 fort.
646 3753 738 3803 οὐκέτι
754 3755 806 3822 γὰρ
876 3755 908 3805 19
926 3753 1006 3818 ἴσμεν
1023 3753 1113 3805 οδνΕ
1182 3756 1215 3806 20
1232 3749 1279 3804 ὑπ’
1298 3756 1411 3804 ἐκείνων
1429 3757 1466 3804 εἰς

215 3841 260 3890 οδε
276 3838 359 3892 FAld.
398 3836 541 3887 Alcibiadis
558 3853 651 3888 nomen
668 3837 799 3900 omissum,
820 3853 853 3888 ne
869 3844 998 3902 pugnaret
1011 3838 1126 3888 narratio
1144 3853 1202 3888 oum
1220 3839 1395 3902 Eratosthene,
1418 3841 1466 3903 qui

213 3923 329 3999 ineptam
341 3921 461 3971 fabellam
474 3924 633 3973 refutaverat
645 3922 708 3986 (Cio.
717 3923 758 3973 εδ.
768 3923 822 3973 Att.
832 3923 870 3972 VI
881 3923 906 3985 1)
970 3924 1003 3974 25
1021 3929 1160 3989 χορευτῶν
1171 3928 1198 3973 et
1209 3925 1251 3975 25.
1260 3926 1293 3976 26
1312 3931 1371 3975 τῶν
1388 3942 1465 3993 χορη-

213 4000 277 4078 γῶό
284 4006 363 4057 codd:
381 4020 447 4056 corr.
459 4006 574 4069 Brunok,
593 4009 626 4057 oi.
638 4008 692 4057 vit.
704 4008 786 4058 Arist.
798 4024 825 4071 p.
838 4007 986 4056 XXVIII4
997 4007 1098 4056 Duebn.
1117 4014 1175 4057 τῶν
1192 4015 1318 4076 χορηγῶν
1335 4011 1383 4059 οὐκ
1401 4010 1465 4060 ἀντ-

214 4095 337 4158 εχόντων
354 4091 422 4156 πρὸς
439 4092 472 4141 τί
489 4102 614 4159 χορηγενν
684 4094 716 4144 27
736 4095 821 4143 τύποι
838 4093 874 4141 E:
897 4093 983 4141 τόποι
999 4092 1095 4155 reliqui
1116 4098 1147 4142 ut
1163 4093 1277 4156 videtur,
1306 4096 1408 4161 τρόπον
1424 4095 1464 4145 εδ.

213 4177 286 4228 Basil
376 4176 408 4225 28
433 4181 468 4239 τῆ
489 4171 685 4243 ἀρχικωμηιδίᾳ
702 4177 778 4227 ἙΑΙᾶ
858 4172 1036 4246 δημαγωγοὺς
1052 4178 1175 4242 Blaydes:
1206 4173 1308 4244 δήμους
1328 4179 1394 4229 codd

213 4263 315 4314 34-42
333 4260 397 4310 hooc
413 4259 585 4310 adnotationis
601 4262 657 4312 looo
673 4261 773 4312 mediae
790 4263 932 4313 narrationi
949 4263 1084 4314 interiecta
1150 4266 1184 4315 36
1203 4262 1327 4330 θέατρον
1338 4265 1425 4332 ἀργὸν
1436 4284 1466 4330 ηι

214 4347 305 4398 uon:
325 4332 517 4411 οιιιμιηιῇ
528 4345 590 4410 nn)
604 4346 759 4396 κιισοιιο
823 4346 952 4416 ιργαιν
1014 4349 1124 4400 ovatae
1144 4348 1419 4416 ιπμιμφμιιοιιιι
1500 4389 1505 4395 .

213 4433 247 4483 40
266 4427 313 4482 διδ
329 4425 433 4490 scripsi:
459 4431 515 4481 ῦπδ
532 4431 598 4480 oodd
658 4462 661 4468 -
