3164 4800
600 311 773 368 ΣΩΠΑΤΡΟΥ
790 313 943 368 mrim

539 537 568 599 E
596 536 784 601 FABVLIS
811 537 1012 601 INOERTIS

759 675 799 734 22

154 848 186 892 ι
243 789 348 845 Athen.
366 789 394 844 H
412 789 494 844 ’Πολι
512 780 584 846 α’λλὰ
601 787 659 860 μὴν
675 790 724 845 καί
741 784 893 858 κινάραν
915 778 1050 857 ω’νόμασε
1068 790 1276 861 παραπλησίως
1291 764 1358 862 τῗμῖν
1376 795 1411 847 Σ.

149 895 165 932 ο
190 871 312 947 Πάφιος.

758 1031 798 1091 23

237 1147 342 1203 Athen.
354 1147 422 1203 VIII
434 1151 506 1201 341e
526 1148 592 1218 περὶ
604 1144 634 1203 δὲ
651 1147 705 1202 τοῦ
723 1142 878 1209 Φιλοξένου
894 1147 944 1200 καί
962 1137 978 1200 ὃ
998 1139 1145 1217 παροιιδὸς
1163 1150 1199 1203 Σ.
1216 1145 1308 1219 λέγων
1325 1149 1412 1220 φησίν

354 1276 475 1348 δισσαῖς
498 1266 558 1352 ’γὰρ
582 1269 617 1333 ἐν
637 1270 784 1346 μέσαισιν
807 1263 932 1349 ίχθόων
955 1282 1074 1351 φοραῖς

353 1367 462 1454 ἧσται,
492 1367 551 1436 τὸν
574 1371 695 1452 Αἴτνης
717 1371 749 1447 ἐς
769 1373 869 1447 μέσον
892 1366 1039 1435 λεύσσων
1062 1367 1195 1436 σκοπόν.

235 1505 322 1561 verba
339 1520 395 1573 quo
413 1509 537 1573 spectent
553 1519 611 1557 non
628 1503 683 1558 iarn
700 1501 876 1572 intellegitur.

726 1695 776 1755 24.
799 1695 840 1755 25

423 1815 464 1874 24
507 1818 666 1890 βαυκαλὶς
688 1808 759 1895 (ts)
780 1810 799 1895 η
820 1809 1046 1894 τετράκυκλος.

421 1951 462 2011 25
506 1948 593 2023 νᾶμα
614 1955 776 2025 μελισσῶν
798 1945 856 2031 ἣόύ
879 1952 939 2026 μὲν
961 1944 1088 2031 ὄρθρου

505 2056 782 2127 καταβαυκαλίσαι
804 2063 875 2128 τοῖς
895 2046 963 2114 ὑπὸ
986 2056 1110 2131 πολλῆς

506 2149 794 2234 κραιπαλοβόσκου
817 2154 912 2233 δίψης
933 2149 1092 2232 κατόχοις.

235 2286 340 2341 Athen.
358 2285 400 2340 xi
417 2284 492 2340 784b
510 2301 533 2340 ο.
551 2289 583 2340 28
602 2285 684 2350 (inter
700 2301 769 2341 τοοκ
785 2283 903 2355 potoria)
922 2285 1072 2357 βαυκαλίς·
1095 2280 1127 2339 ἐν
1145 2276 1345 2355 Ἀλεξανδρείαι
1361 2287 1410 2340 καί

150 2362 229 2443 αὕτη,
246 2365 286 2437 ὥς
304 2375 338 2428 Σ.
358 2364 374 2427 ό
392 2366 541 2444 παρωιδὸς
553 2364 650 2442 ιβαυκ.
666 2364 684 2444 ἢ
702 2361 786 2444 τετρ.’
803 2372 853 2426 καί
870 2365 957 2427 πάλιν
972 2364 1059 2437 νᾶμα
1078 2407 1105 2422 ..
1123 2361 1276 2440 κατόχοις.

236 2477 269 2527 24
293 2468 502 2542 τετρακότυλος
519 2471 686 2540 Meinekius3
712 2471 852 2545 βαυκαλίς
868 2471 887 2524 i.
900 2487 926 2540 q.
941 2469 1020 2541 ηίίίο,
1037 2469 1106 2527 vino
1123 2470 1310 2541 refrigerendo
1326 2471 1411 2527 ἱστοῖς

149 2574 229 2613 vrens
246 2574 306 2612 vae.

607 2903 635 2963 5.
664 2898 945 2964 HERAOLIDES

302 3015 506 3070 Trsrnrorrrvrr

238 3117 323 3187 Diog.
341 3117 430 3172 Laere
448 3117 474 3172 V
492 3121 517 3184 6,
529 3120 561 3171 93
580 3118 615 3173 de
633 3117 781 3173 Heraclida
797 3116 928 3173 Pontico:
954 3115 1091 3189 γεγόνασι
1111 3111 1138 3174 δ’
1155 3113 1410 3192 Ἡρακλεῖδαι-τεο..

150 3205 369 3277 σαρεσκαίδεκα.
405 3205 523 3273 πρῶτος
545 3194 634 3269 αὐτὸς
657 3192 756 3267 οὗτος·
783 3198 917 3277 δεύτερος
940 3204 1059 3274 πολίτης
1076 3200 1174 3269 αὐτοῦ,
1197 3205 1338 3276 πυρρίχας
1358 3208 1408 3261 καί

151 3289 293 3361 φλυαρίας
311 3287 537 3360 συντεταγμένος
553 3291 614 3344 κτλ.
640 3286 689 3342 ubi
700 3287 881 3356 probabiliter
891 3287 1119 3344 Wilamowitzius
1137 3283 1265 3359 φλύακας
1282 3289 1407 3344 correxit,
