3164 4800
649 283 843 343 COMOEDIA
860 281 1005 342 DORICA

695 771 723 831 3.
760 765 956 829 PHORMIS

353 919 532 974 Trsrmom

288 1026 300 1075 1
329 1020 428 1077 Suidas
447 1016 567 1089 Φόρμος
580 1013 793 1091 Συρακούσιος,
812 1014 953 1088 κωμικός,
971 1013 1131 1093 ούγχρονος
1147 1009 1333 1089 Ἑπιχάρμαιι,
1352 1015 1464 1085 οἰκεῖος

202 1108 232 1165 δὲ
252 1106 363 1163 Γέλωνι
385 1109 437 1162 τῶι
460 1100 600 1177 τυράννωι
620 1104 756 1169 Σικελίας
775 1105 824 1160 καί
847 1099 971 1175 τροφεύς
994 1107 1053 1161 ταῖν
1076 1104 1188 1161 παίδων
1209 1095 1307 1160 αύτοῦ.
1347 1097 1463 1177 ἔγραψε

204 1186 335 1264 δράματα
353 1185 388 1259 ζ’,
405 1183 425 1247 ά
442 1187 504 1247 ἐστί
521 1194 625 1247 ταῦτα·
657 1184 787 1259 Ἄδμητος
806 1181 946 1255 Ἀλκίνους
958 1182 1103 1255 Ἂλκοόνες
1119 1192 1165 1253 (an
1174 1184 1363 1256 Ἁλκυονεύςί)
1378 1182 1463 1246 Ἰλίου

203 1266 464 1348 ΠόρδησιςἽππος
476 1271 589 1346 Κηφεύς
602 1269 628 1346 [ἢ
638 1263 791 1344 κεφάλαια]
810 1268 829 1344 ἢ
840 1268 975 1347 Περσεύς.
1000 1266 1145 1347 ἐχρήσατο
1158 1272 1188 1331 δὲ
1198 1276 1317 1347 πρῶτος
1327 1269 1461 1344 ἐνδύματα

205 1356 324 1434 ποδήρει
340 1364 390 1417 καί
412 1364 510 1432 σκηυῆι
533 1355 682 1432 δερμάτων
700 1361 856 1428 φοινικοῦς.
897 1356 1044 1428 [μέμνηται
1066 1357 1096 1416 δὲ
1117 1360 1166 1416 καί
1187 1354 1288 1433 ἑτέρου
1313 1350 1463 1428 δράματος

202 1439 349 1518 λθὴυαιος
365 1442 398 1502 ἐν
414 1453 477 1511 τοῖς
494 1448 753 1515 Δειπνοσοφισταῑς
772 1435 937 1513 Ἀταλάντης
955 1443 1032 1508 (XIV
1044 1447 1144 1510 652a)].
1178 1443 1215 1499 ad
1232 1459 1342 1500 sensum
1359 1445 1462 1515 corrigi

204 1537 298 1600 potest
317 1533 367 1587 καί
385 1533 484 1602 σκηνῆι
506 1522 601 1600 (ini)
624 1523 774 1600 δερμάτων
797 1528 935 1598 φοινικίσι
956 1529 1265 1604 (κατεσκευασμέναι),
1288 1529 1323 1585 ef.
1340 1529 1461 1586 Aristot.

203 1615 266 1671 Eth.
283 1615 342 1670 Nic.
360 1615 400 1672 IV
415 1618 546 1684 p.1123a
563 1618 595 1669 21
614 1631 675 1670 cum
693 1612 804 1669 scholiis
823 1618 914 1682 (supra
930 1628 958 1682 p.
970 1616 1024 1678 75).

289 1757 303 1806 2
331 1752 498 1807 Aristoteles
509 1752 616 1807 Poeni
634 1767 661 1820 p.
676 1749 765 1804 1449b
785 1754 799 1803 5
818 1751 861 1813 τίς
884 1748 913 1806 δὲ
931 1745 1076 1820 πρόσωπα
1094 1744 1242 1808 άπέδιοκεν
1257 1746 1276 1822 ἢ
1293 1745 1461 1824 προλόγους

204 1834 222 1906 ἢ
234 1832 327 1908 πλήθη
338 1832 503 1906 ὑποκριτῶν
514 1839 563 1892 καί
576 1831 632 1893 ὅσα
644 1838 774 1900 τοιαῦτα,
791 1826 941 1906 ἠγνόηται·
964 1828 999 1890 τὸ
1012 1832 1042 1891 δὲ
1053 1827 1164 1900 μύθους
1174 1841 1269 1891 ποιεῖν
1284 1828 1462 1909 Ἐπίχαρμος

203 1925 252 1978 καὶ
271 1917 390 1991 Φόρμις.
426 1920 490 1975 hino
507 1919 636 1976 Tbemist.
651 1936 690 1975 or.
702 1924 734 1974 27
753 1935 780 1989 p.
792 1923 843 1973 406
861 1918 907 1985 Di,
926 1919 974 1988 qui
993 1914 1115 1991 Φόρμου
1132 1917 1260 1986 appellat.
1295 1920 1329 1976 ef.
1348 1921 1426 1977 Suid.
1439 1938 1461 1976 s.

203 2000 377 2075 Ἐπίχαρμος
395 2043 419 2060 ..
440 1999 472 2070 ic
490 1995 555 2076 εὗρε
572 2002 625 2076 τὴν
641 2005 806 2074 καιμαιιδίαν
823 2001 855 2060 ἐν
875 2000 1074 2075 Συρακούσαις
1095 1994 1155 2073 άμα
1175 1999 1304 2076 Φόρμαιι.

291 2141 404 2197 dubium
422 2142 503 2210 plane
521 2158 586 2196 num
604 2140 677 2196 idem
694 2140 778 2195 fuerit
794 2139 929 2207 Phor-mie,
948 2132 981 2205 ός
998 2137 1030 2196 ἐκ
1049 2138 1201 2198 Μαινάλου
1217 2136 1320 2214 διαβάς
1335 2138 1366 2208 ἐς
1377 2145 1462 2200 Σικε-

204 2228 268 2283 λίαν
286 2226 365 2299 παρά
384 2226 504 2284 Γέλωνα
522 2225 576 2283 τόν
593 2226 781 2297 Δεινομένους
802 2229 851 2282 καί
868 2223 978 2282 ἕκείναιι
996 2243 1028 2282 τε
1046 2219 1135 2282 αύτιῦι
1151 2229 1201 2283 καί
1217 2221 1319 2300 Ἱέρωνι
1335 2217 1462 2301 ύστερον

207 2304 334 2382 άδελφῶι
346 2314 399 2369 τοῦ
410 2311 544 2377 Γέλωνος
560 2308 590 2377 ἐς
602 2307 654 2378 τάς
666 2312 818 2384 στρατείας
830 2303 1068 2378 άποδεικνύμενος
1080 2307 1196 2382 λαμπρά
1210 2305 1280 2384 ἔργα
1292 2309 1322 2379 ἐς
1332 2316 1460 2370 τοοούτο

205 2399 352 2468 προῆλθεν
373 2389 554 2464 εύδαιμουίας
576 2391 616 2462 τός
640 2391 792 2454 ἀναθεῖναι
813 2400 874 2452 κτλ.
900 2394 1109 2461 Pausan.V27‚
1124 2400 1147 2449 1.
1182 2396 1297 2453 donario
1315 2397 1461 2470 Olympiae

205 2480 331 2535 dedicato
349 2480 508 2550 inscriptum
527 2488 585 2537 erat
602 2498 710 2537 cannen
727 2480 780 2537 hoc
803 2476 916 2552 Φόρμις
938 2473 1077 2552 άνδδηκεν
1092 2479 1193 2553 Ἀρκὰς
1212 2478 1386 2550 Μαινάλιος,
1408 2487 1461 2540 νῦν

206 2563 236 2620 δὲ
255 2561 445 2633 Συρακόσιος.
481 2564 535 2620 fuit
552 2565 695 2637 Olympiae
719 2567 800 2622 etiam
817 2565 974 2621 Phormidis
991 2571 1082 2621 statua
1099 2565 1134 2620 ab
1152 2565 1270 2637 Lycorta
1287 2567 1460 2638 Syraousano

205 2648 293 2704 amico
310 2656 474 2715 consecrata,
491 2650 608 2705 Pausan.
620 2652 646 2707 V
658 2656 699 2717 27,
712 2657 736 2704 7.

289 2732 443 2789 fabulamm
461 2734 535 2803 apud
552 2734 664 2791 Suidam
682 2736 824 2805 catalogus
841 2735 934 2790 nescio
958 2750 1012 2802 qua
1028 2734 1087 2790 fide
1105 2736 1205 2806 dignus
1223 2737 1271 2804 sit3
1298 2744 1329 2792 ut
1348 2735 1462 2811 Κηφεὺς
1540 2803 1544 2810 ,
1573 2729 1576 2737 ’

205 2812 224 2886 ἢ
238 2813 361 2890 Περσεύς
378 2818 434 2873 duo
453 2825 517 2873 sunt
534 2820 656 2876 eiusdem
673 2819 784 2876 fabulae
802 2820 922 2886 nomina,
940 2818 979 2875 ita
990 2820 1072 2875 etiam
1089 2813 1171 2878 ’Ῑλίου
1183 2815 1462 2896 Πόρθησις(ἦ’>“1π·

205 2921 273 2966 πος,
294 2896 437 2969 ’Λλκίνοος
459 2910 549 2959 autem
573 2911 601 2960 et
618 2899 782 2970 Ἀλκυονεύς
806 2905 908 2974 duplex
929 2905 1051 2960 eiusdem
1073 2906 1193 2961 nominis
1216 2906 1356 2977 soiiptum„
1390 2909 1461 2964 nihil

205 2992 329 3054 superest
347 2987 423 3055 quod
439 2995 512 3043 certa
529 2990 634 3044 ratione
652 2988 688 3044 ad
706 2989 837 3044 Phormin
854 2990 948 3045 referri
965 2991 1061 3060 possit.

694 3183 966 3246 *ΑΤΑΛΑΝΤΑΙ

582 3327 610 3366 v.
628 3312 664 3367 ad
681 3311 836 3382 Epicharmi
854 3311 975 3368 fabulam
992 3330 1020 3383 p.
1038 3319 1079 3369 93.
