3164 4800
144 297 184 352 VI
664 296 881 352 PRAEFATIO

145 482 245 534 utrum
270 471 384 553 integra
412 471 543 532 carmina
570 472 640 534 edas
667 492 707 533 an
734 471 839 532 mutila
866 471 915 535 vel
944 470 1077 551 singulos
1107 472 1132 532 si
1153 471 1230 536 forte
1252 476 1401 555 supersint

145 605 248 646 versus
271 583 426 664 singulare
447 583 607 657 vocabula,
630 593 748 645 secutus
770 583 928 661 probatum
942 582 1214 646 Alexandrinorum
1237 588 1402 666 grammati·

144 716 246 757 corum
273 695 443 772 exemplum
470 694 570 755 addidi
597 693 739 775 quidquid
768 703 900 757 veterum
927 694 1102 756 testimoniis
1132 697 1193 759 sive
1218 697 1255 758 de
1281 698 1403 759 historia

145 806 310 867 comoediae
331 806 546 887 generibusque
568 807 629 868 eius
652 806 714 868 sive
734 806 770 867 de
785 815 938 882 poetarum
959 807 1020 869 vita
1035 806 1165 868 moribus
1186 817 1248 868 arte
1262 808 1403 869 traditum

144 938 337 995 reppereram.
376 918 413 978 de
435 917 585 979 comoedia
608 938 682 998 quae
704 927 821 980 servata
843 925 915 979 sunt
936 919 1144 980 commentaria
1165 920 1236 981 satis
1259 918 1354 981 multa
1374 929 1404 980 et

146 1028 247 1108 ampla
275 1030 307 1089 in
335 1030 399 1107 ipsc
428 1029 523 1106 operis
553 1027 653 1089 limine
681 1028 805 1089 collecta
833 1030 975 1106 proposui
1005 1030 1066 1092 sive
1093 1050 1196 1111 graece
1229 1051 1281 1091 seu
1310 1031 1403 1091 latine
1511 1030 1518 1041 “

145 1140 263 1220 scripta,
286 1140 405 1201 adiutus
427 1140 604 1201 annmm
616 1139 720 1202 erir
739 1149 768 1201 et
783 1139 934 1202 Coruum
949 1141 1085 1202 Zrcflurr
1106 1151 1244 1220 prompto
1266 1162 1301 1203 ac
1317 1142 1404 1204 bene-

146 1253 215 1316 volo
244 1252 350 1327 studi0,
379 1253 504 1312 maxime
532 1273 603 1315 vero
630 1252 806 1313 Fumumcr
827 1251 898 1312 Lao
928 1261 1059 1330 spectata
1087 1252 1223 1328 amicitia,
1252 1254 1304 1334 qui
1332 1253 1404 1315 Dio·

146 1364 237 1425 medis
266 1364 380 1425 Donati
407 1363 552 1424 Euanthii
578 1372 721 1424 tractatus
749 1363 812 1439 ipse
840 1363 969 1444 suscepit
998 1364 1203 1427 recensendos.
1246 1364 1404 1426 molestum

148 1496 221 1536 sane
249 1483 312 1535 erat
339 1475 462 1536 Ioannis
484 1476 607 1536 Tzetzac
635 1475 703 1536 stilo
732 1473 849 1555 loquaci
877 1483 993 1535 tantum
1018 1475 1176 1537 concedere
1198 1476 1323 1550 chartae,
1353 1477 1404 1538 sed

148 1587 210 1647 fieri
231 1606 294 1647 non
316 1587 413 1663 potuit
435 1587 507 1667 quin
529 1588 644 1666 integra
665 1586 727 1648 eius
750 1585 841 1649 verba
862 1586 1070 1666 perscriberem
1092 1586 1188 1649 bonae
1214 1598 1244 1649 et
1265 1589 1404 1668 antiquae

148 1698 298 1760 doctrinae
319 1697 474 1777 gemmulis
495 1697 687 1758 multifariam
705 1696 852 1760 distincta
888 1698 1042 1760 additurus
1057 1719 1136 1760 eram
1151 1700 1272 1777 insuper
1286 1699 1404 1762 tabulas

149 1808 341 1870 didascalicos
356 1807 427 1870 OIA
444 1809 478 1869 II
495 1812 554 1870 971
564 1829 606 1889 sq.
623 1809 748 1890 itemque
763 1819 917 1887 poetarum
931 1810 1089 1872 laterculos
1104 1810 1178 1872 OIA
1193 1811 1227 1872 II
1243 1815 1313 1885 977,
1329 1832 1404 1891 quos

151 1919 243 1981 multo
271 1920 418 1997 pleniores
446 1940 464 1980 a
491 1941 522 1981 se
550 1920 711 1998 descriptos
732 1920 865 1983 Adolfus
888 1920 1031 1984 Wilhelm
1060 1922 1172 1984 dudum
1201 1944 1232 1983 se
1258 1921 1404 1983 editurum

150 2032 329 2111 promiserat.
372 2031 452 2112 quod
486 2032 620 2093 nondum
651 2032 763 2094 factum
796 2054 976 2114 quamquem
1007 2033 1102 2106 doleo,
1135 2042 1234 2094 tamen
1268 2054 1335 2094 cum
1367 2033 1404 2093 ad

150 2144 269 2205 atticam
284 2143 462 2204 comoediam
483 2143 536 2203 illa
556 2145 730 2221 pertineant,
752 2165 816 2205 non
837 2145 926 2205 nimis
947 2165 1033 2225 aegre
1054 2145 1085 2204 in
1102 2144 1159 2206 hoc
1174 2144 1292 2225 quidem
1312 2146 1405 2225 primo

150 2253 292 2316 fasciculo
314 2252 567 2317 desiderabuntur.
610 2254 736 2316 alterum
757 2255 856 2316 adhuc
878 2276 945 2333 spes
967 2264 1012 2316 est
1031 2256 1204 2335 gravissimo
1226 2255 1277 2316 illc
1300 2256 1406 2317 instru-

151 2375 250 2428 mento
272 2386 334 2427 non
357 2365 515 2426 cariturum
536 2386 608 2429 esse.

236 2486 370 2554 superest
396 2486 431 2538 ut
456 2481 566 2557 gratias
594 2498 680 2559 agam
708 2478 749 2539 eis
777 2478 828 2559 qui
849 2497 939 2558 opera
960 2497 1015 2539 sua
1036 2476 1191 2538 consilium
1212 2477 1261 2540 vel
1283 2476 1407 2539 consilio

152 2607 270 2668 operam
297 2608 392 2649 meam
420 2588 607 2653 adiuverunt.
650 2598 766 2671 praeter
792 2588 861 2650 illos
889 2610 965 2670 quos
991 2596 1080 2649 antea
1111 2589 1264 2651 nominavi
1291 2588 1407 2650 doctam

152 2707 291 2777 expertus
319 2721 386 2760 sum
414 2699 582 2763 vaauur
610 2701 760 2765 scnvrzn
788 2699 1015 2760 ermrumrr
1036 2700 1237 2763 Wuruurrur
1264 2699 1407 2763 Gnoson

155 2810 319 2871 Waurzuu
340 2811 372 2871 in
394 2811 569 2874 edomando
591 2812 734 2894 glossario
757 2831 857 2892 opem,
882 2812 1051 2872 churam
1065 2813 1305 2873 Rurrzursrrrm
1327 2811 1407 2871 inex-

152 2920 290 2983 haustam
310 2922 342 2982 iu
357 2923 554 3003 Etymologici
577 2925 623 2985 sui
637 2924 728 3003 copiis
749 2923 907 3004 largiendis
922 2922 1134 2998 liberalitatem,
1157 2923 1284 3002 denique
1298 2922 1408 2985 Wrur·

153 3051 305 3096 mowrrzn
326 3042 360 3093 ut
382 3033 506 3097 breviter
527 3035 622 3097 dicam
644 3034 799 3097 adomnia
820 3034 918 3102 officia
939 3036 1046 3111 pariter
1066 3042 1200 3113 paratam
1214 3032 1407 3096 voluntatem.
1429 3087 1432 3094 .

196 3190 391 3254 Gorrmera
414 3206 489 3252 rra.
504 3207 577 3252 nso.
593 3205 623 3253 A.
638 3207 671 3252 H.
686 3207 710 3251 s.
726 3206 770 3250 uc
