3164 4800
139 245 181 302 24
268 213 272 220 ¹
572 249 620 301 ου
637 249 818 302 cononum
834 251 975 302 σταται

139 425 253 498 λογος,
288 416 362 484 άντί
390 422 423 485 δέ
450 428 593 503 στροφῆς
614 427 669 486 καὶ
691 419 912 504 άντιστρόφου
935 419 1015 504 ωἰδὴ
1036 427 1090 486 καί
1113 412 1254 502 άντωιδή
1279 416 1298 502 ἢ
1322 421 1412 501 ἐπίρ-

141 544 227 602 ρημα
259 525 314 584 καί
348 518 577 604 άντεπίρρημα,
611 521 683 588 α’ντί
712 526 745 588 δέ
776 520 892 603 ἐξόδου
920 519 998 606 ωἰδη
1028 529 1083 588 καί
1117 524 1202 607 ῥῆμα
1229 517 1410 605 ἐξιτήριον.

139 628 242 686 ταῦτα
269 625 329 700 μὲν
356 618 397 688 τά
426 625 563 706 τέσσαρα
590 626 670 707 μέρη
699 623 861 709 πρακτικὰ
887 632 942 691 καὶ
963 621 1078 705 λογικά
1100 625 1167 690 τῶν
1189 629 1399 706 δραματικῶν

140 720 331 806 ποιημάτων
353 722 502 808 ὑπῆρχεν.
550 730 598 793 38.
623 734 691 792 τῶν
714 730 746 793 δέ
768 735 915 809 λυρικῶν
937 723 1196 809 συγγραμμάτων
1217 731 1292 809 τρία
1313 720 1399 808 ἦσαν
1412 735 1454 785 110

140 821 181 890 τά
213 828 305 908 μέρη,
340 823 476 909 στροφή,
510 826 729 912 ἀντίστροφος
762 835 816 895 καὶ
850 831 962 910 ἔξοδος
994 827 1013 913 ἢ
1047 830 1206 908 ἐξέλενσις
1235 824 1411 911 πρακτικοί,

142 925 257 1006 λογικά
280 932 313 992 δέ
336 924 424 1011 ωἰδη’,
448 926 588 1013 άντωιδὴ
611 937 666 996 καλ
688 928 843 1010 ἐπωιδός·
865 930 885 1016 ἣ
909 927 971 998 οὖν
993 928 1135 1013 άντωιδὴ
1158 937 1210 1013 τῆι
1232 928 1324 1012 ῶιδῆι
1342 934 1413 993 ίσα-

144 1035 283 1109 ρίθμους
311 1029 372 1110 ἔχει
401 1026 480 1108 τοὺς
503 1037 642 1113 στίχους,
674 1038 729 1099 καί
750 1048 820 1112 τοῖς
843 1032 957 1113 αότοῖς
977 1037 1107 1117 μέτροις
1128 1033 1261 1115 ἑκατέρα
1280 1039 1408 1115 χρῆται.

144 1128 163 1194 ὁ
187 1133 219 1195 δέ
242 1129 379 1209 ἐπωιδὸς
401 1129 543 1216 διάφορα
565 1136 699 1201 ἐκείνων
721 1137 781 1217 ἐχει
813 1141 867 1201 καλ
897 1144 958 1200 τῶι
988 1133 1130 1219 άριθμῶι
1159 1140 1213 1199 καλ
1238 1142 1291 1217 τῆι
1315 1130 1411 1201 ποιό·

144 1246 233 1314 τητι·
264 1237 294 1297 εί
320 1236 353 1299 δέ
381 1258 448 1300 που
469 1242 529 1299 τῶι
551 1233 693 1320 άριθμῶι
717 1234 825 1319 ίσάζει,
854 1245 905 1319 τῆι
934 1262 968 1317 γε
989 1235 1053 1322 μὴν
1075 1233 1224 1320 ποιότητι
1246 1234 1408 1314 οὐδαμοῦ.
1421 1245 1464 1296 135

147 1338 197 1396 39.
228 1335 428 1414 ἐφθέγγοντο
457 1341 490 1401 δέ
518 1344 572 1402 καί
601 1342 632 1405 οί
661 1346 790 1422 λυρικοί
820 1337 903 1422 πρὸς
931 1336 1066 1422 ἑκάτερα
1098 1342 1177 1422 μέρη
1209 1345 1272 1404 τοῦ
1303 1334 1411 1421 δήμου

148 1433 290 1528 δρῶντες
313 1443 528 1520 πρῶτονμὲν
543 1437 602 1521 τὴν
618 1438 728 1523 ωἰδήν,
751 1442 819 1506 εἶτα
841 1439 901 1524 τὴν
924 1439 1096 1524 άντωιδήν,
1120 1443 1172 1506 ἐπὶ
1194 1444 1228 1505 δὲ
1246 1446 1307 1505 τῶι
1326 1442 1410 1504 τέλει
1473 1520 1476 1527 Ι

148 1535 209 1603 τὸν
231 1535 371 1605 ἐπωιδὸν
392 1536 496 1622 ἤγουν
518 1538 717 1625 ὕστερωιδήν
738 1550 848 1610 τεκαὶ
871 1546 1034 1625 ἐπίλογον,
1071 1548 1115 1631 είς
1143 1538 1238 1625 εὐχάς
1259 1539 1298 1607 τὸ
1321 1550 1412 1607 πλεῖ-

148 1657 227 1706 στον
250 1638 360 1706 αὐτῶν
384 1650 629 1724 περικλείοντες.
652 1652 828 1728 προοίμιον
851 1650 884 1712 δέ
906 1642 1037 1722 τούτοις
1059 1644 1121 1710 οὐκ
1142 1641 1183 1728 ἦν
1202 1643 1247 1723 ὡς
1263 1647 1412 1724 ἐκείνοις,

148 1739 199 1807 δτι
228 1738 293 1821 ἅμα
321 1751 382 1808 τῶι
410 1749 564 1811 εἰσελθεῖν
592 1751 636 1824 τίς
665 1743 704 1812 τὸ
732 1751 874 1832 θέατρον
901 1745 983 1831 πρὸς
1004 1744 1063 1814 τὸν
1085 1753 1189 1830 δῆμον
1211 1749 1409 1829 στραφέντες
1422 1757 1465 1806 140

149 1842 214 1924 ἅμα
236 1844 274 1912 τὸ
296 1843 379 1913 αὐτὸ
402 1848 514 1928 ἐλιγον
535 1854 590 1914 καλ
613 1847 758 1933 στροφὴν
780 1856 834 1916 καὶ
856 1857 1041 1934 προοίμιον.

748 2106 779 2165 Μ
792 2124 810 2165 ο

310 2240 432 2315 Βίβλος
455 2237 705 2322 Ἀριστοφάνους
731 2243 864 2322 Τζέτζην
886 2237 1047 2322 φορέονσ’
1069 2234 1250 2323 ὑποφήτην.

21 2417 44 2460 1>-
53 2402 123 2448 1101<
236 2391 251 2451 Ι
275 2396 300 2456 1.
328 2388 529 2475 Ἀλέξανδρος
552 2391 571 2458 ὃ
594 2389 742 2470 Αἰτωλὸς
770 2399 824 2458 καλ
845 2388 1031 2476 Λυκόφρων
1060 2389 1298 2478 ὃΧαλκιδεός,
1317 2417 1413 2475 μεγα-

151 2496 324 2576 λοδωρίαις
345 2487 527 2572 βασιλικαῖς
548 2497 787 2577 προτραπέντες
808 2501 1012 2573 Πτολεμαίωι
1040 2503 1101 2560 τῶι
1127 2499 1330 2576 Φιλαδέλφωι
1352 2491 1413 2574 τάς

152 2592 304 2677 σκηνικάς
333 2593 578 2679 διωρθώσαντο
595 2603 742 2678 βίβλους,
775 2593 833 2676 τάς
859 2605 915 2680 τῆς
936 2602 1120 2675 κωμωιδίας
1141 2603 1195 2662 καί
1216 2602 1414 2681 τραγωιδίας

151 2703 205 2762 καί
227 2694 285 2776 τὰς
306 2705 374 2763 τῶν
398 2695 549 2781 σατύρων
571 2705 662 2782 φημί,
692 2696 921 2783 συμπαρόντος
952 2698 1065 2778 αὐτοῖς
1086 2705 1141 2764 καί
1165 2706 1414 2781 συνανορθοῦν-

239 2937 336 2999 127sq.
360 2939 407 2986 καί
431 2937 495 2988 ἀντί
519 2941 566 3002 τῆς
592 2943 713 3006 στροφῆς
734 2941 780 2989 καί
804 2943 851 3004 τῆς
868 2939 1056 3006 ἀντιστρόφου
1074 2933 1153 3005 λόγια
1176 2937 1239 2996 (κᾶν
1258 2931 1345 2986 ῶιδσλς
1366 2940 1415 2987 καί

154 3016 294 3072 ἀντωιδιὶς
310 3022 326 3085 ἢ
345 3022 520 3089 ἐπιρρήματα
538 3025 584 3073 καί
602 3024 830 3090 δντιπιρρηματα
847 3023 949 3086 εἴποις,
968 3025 1000 3074 οὐ
1014 3018 1201 3088 διαμάχομοι),
1219 3024 1265 3071 καί
1281 3023 1298 3086 η
1316 3015 1415 3080 ἔξοδος

153 3108 170 3172 ἡ
190 3101 259 3171 ῶιδή
284 3109 330 3157 καί
354 3108 387 3156 τό
408 3109 482 3176 ῥῆμα
506 3113 557 3158 τοῦ
573 3101 713 3175 δράματος
730 3109 763 3158 τδ
780 3103 975 3171 ἐπιτελιύτιον,
999 3107 1016 3156 δ
1040 3111 1069 3157 οί
1085 3104 1208 3172 αίθίριοι
1229 3109 1275 3156 καί
1297 3106 1413 3174 σίρανσ·

153 3193 275 3257 βάμονες
290 3185 418 3243 λαλοῦσιν
436 3194 528 3259 ῶσπερ
547 3186 674 3243 λαλοῦσιν
691 3187 748 3244 κτλ.
764 3193 815 3243 Mb
832 3193 928 3256 partim
940 3197 1063 3257 corrupta
1127 3193 1176 3244 132
1186 3207 1243 3255 sqq.
1260 3193 1414 3259 στροφιιιδν

154 3279 200 3328 καί
225 3277 441 3345 ἐντιστροφικδν
462 3272 554 3346 λόγια,
577 3278 709 3344 ἑκάτερον
726 3279 859 3345 ίκατίρωι
876 3275 1043 3345 ίσαρίθμους
1059 3276 1123 3341 ἔχον
1142 3279 1205 3327 τοὺς
1222 3279 1344 3340 στίχους,
1366 3280 1414 3326 καιΙ
1495 3344 1498 3348 ⁸

153 3365 266 3430 μέτρων
284 3356 314 3412 δὲ
332 3367 391 3413 τῶν
409 3363 511 3414 αὐτῶν.
546 3363 616 3430 πρὸς
641 3370 698 3412 τοῖς
721 3371 879 3430 στροφιιιοίς
902 3356 932 3412 δὲ
954 3365 999 3412 καί
1017 3363 1241 3429 ἀντιστροφικοτς
1264 3364 1360 3428 τρίτον
1379 3359 1414 3425 ἦν

154 3450 237 3514 μέρος
255 3448 287 3497 τδ
305 3440 458 3498 ἐσιωιδιιιδν
474 3441 576 3515 λόγιον,
604 3449 760 3513 ὁμωνύμως
775 3449 822 3497 κοί
840 3453 928 3497 ταῦτα
945 3441 1077 3515 λεγόμενα
1096 3457 1154 3497 τοῖς
1169 3443 1279 3496 ἑαυτῶν
1298 3461 1413 3511 πρακτι-

155 3540 214 3583 ιιοτς
236 3536 281 3598 τῆι
306 3549 336 3582 τι
360 3537 478 3600 στροφῆι
499 3535 544 3583 καί
568 3532 759 3601 δντιστρόφιυι
781 3534 828 3582 καί
852 3525 979 3582 ίπωιδῶι
1001 3531 1064 3590 ίίτοι
1085 3525 1186 3590 ἐξόδωι
1211 3533 1257 3581 καί
1281 3525 1415 3589 λξιλιιίσει

157 3619 203 3667 καί
220 3610 360 3685 ίπιλδγιυι.
395 3620 440 3667 καί
461 3619 513 3686 γὰρ
537 3621 583 3668 καί
601 3619 629 3668 οἱ
645 3611 749 3684 λυριιιοί
771 3618 841 3685 πρὸς
863 3618 993 3684 ίιιάτερον
1013 3618 1097 3682 μέρος
1118 3621 1170 3666 τοῦ
1186 3610 1276 3680 δήμου
1293 3613 1415 3682 δρῶντες

157 3699 333 3771 ἐφθέγγοντο
361 3702 397 3751 τά
423 3703 580 3775 ποιήματα,
609 3705 655 3753 καί
683 3697 751 3753 τέλει
778 3707 830 3752 τοῦ
854 3696 995 3769 δράματος
1020 3696 1165 3767 μέλλοντος
1190 3696 1333 3750 παίεσθαι
1364 3701 1415 3750 τδν

157 3781 282 3837 ίπωιδδν
303 3785 515 3856 ἐπρφθέγγοντο
537 3788 599 3853 ἦτοι
624 3788 676 3851 τήν
692 3787 810 3854 δστίραν
833 3780 922 3851 ῶιδην
940 3802 970 3835 τε
991 3788 1037 3836 καί
1056 3788 1106 3838 τόν
1125 3781 1263 3853 ίπίλογον,
1281 3786 1319 3833 τίς
1336 3785 1415 3848 εὐχάς

156 3866 213 3922 κτλ.
230 3871 281 3921 Mb
350 3872 400 3922 133
419 3875 482 3922 τοὺς
498 3873 530 3935 V,
549 3871 645 3922 om.P:
669 3889 699 3922 τι
716 3872 743 3921 Μ
813 3874 863 3923 133
882 3866 1056 3939 ύοτεριωδην
1072 3870 1130 3934 ΜΡ,
1152 3868 1247 3922 rectius
1265 3869 1414 3919 formara-

156 3972 209 4022 ραν
228 3949 315 4020 ῶιδην
331 3955 383 4006 Mb

242 4075 269 4124 M
278 4074 321 4124 ab
338 4075 390 4124 duo
402 4075 465 4124 haec
476 4076 607 4139 prooemia
624 4075 739 4126 servavit
756 4075 837 4126 codex
849 4074 1035 4124 Ambrosianus
1047 4076 1067 4125 C
1080 4076 1129 4126 222
1147 4074 1202 4124 ord.
1215 4073 1262 4123 inf.
1274 4073 1328 4137 (A),
1345 4073 1416 4122 unde

157 4160 241 4210 edidit
251 4159 340 4209 HKeil
351 4159 420 4226 Mus,
429 4160 560 4211 Rhen.V1
572 4160 661 4225 (1848)
673 4177 700 4224 p.
711 4163 759 4213 108
769 4175 826 4223 sqq.
843 4159 1000 4223 iteravitque
1016 4159 1044 4209 in
1061 4160 1199 4210 Ritschelii
1216 4158 1416 4222 Opusc.I199;

157 4245 252 4295 melius
269 4243 398 4308 descripta
415 4245 519 4308 repetiit
536 4244 648 4296 muer
664 4246 753 4296 Ioum.
771 4247 816 4296 des
834 4245 944 4296 Samts
963 4247 1029 4296 1870
1047 4260 1073 4308 p.
1087 4247 1149 4307 189,
1176 4245 1209 4294 οδ
1226 4243 1322 4294 οοδὶαὶτ
1338 4243 1416 4293 fidem

78 4323 80 4327 ¹
158 4331 271 4380 correxit
289 4330 485 4380 WStudemund
501 4330 598 4381 Αοεσδ,
616 4345 671 4381 var.
689 4331 703 4379 I
721 4332 780 4393 251,
798 4331 949 4381 emendabat
965 4330 1084 4380 ANauok
1101 4330 1134 4380 οδ
1151 4329 1215 4379 Lex.
1227 4328 1306 4378 vind.
1318 4343 1344 4392 p.
1357 4329 1415 4381 237.

221 4416 256 4472 ,Ι
280 4416 313 4465 of.
330 4415 379 4465 Pb
397 4415 466 4479 519.
492 4414 546 4464 Mb
563 4413 608 4480 §8
695 4416 711 4465 2
728 4417 747 4466 1.
758 4431 781 4464 ο.
798 4416 854 4466 όντδ
871 4410 1047 4470 Πτολεμαίου
