3164 4800
224 272 266 330 90
677 273 872 330 cononum
889 273 1035 330 DORIGA

310 447 340 497 12
367 444 459 498 varias
481 444 515 498 dc
537 418 701 512 Epicharmo
723 444 880 500 historiolas
901 461 930 498 v.
954 445 1027 514 apud
1049 445 1121 500 Plut.
1141 443 1273 513 apophth.
1291 461 1318 513 p.
1333 449 1418 509 llic,
1438 445 1480 522 ¹de

224 527 325 582 adulat.
338 528 373 583 ab
385 528 473 583 amico
486 528 597 599 disting.
609 544 636 598 p.
646 532 678 583 68
685 546 708 584 a.
735 529 845 583 Aelian.
858 547 886 584 v.
898 529 961 584 hist
973 531 1002 584 Π
1013 535 1046 584 34
1065 534 1102 597 (v.
1119 530 1155 584 ad
1167 529 1319 598 Sophronis
1336 528 1370 583 ir.
1384 533 1435 594 62).

313 651 343 700 13
370 648 501 704 Horatius
519 649 598 717 epist.
615 649 644 702 H
663 651 686 714 1,
699 652 731 702 55

464 733 613 803 ambigitur
630 733 753 802 quotiens
769 735 830 786 πίον
846 735 909 787 uiro
926 733 965 788 sii
975 731 1063 802 prior,
1087 731 1182 800 aufert

463 818 601 872 Pacuuius
619 809 690 872 docti
706 817 814 886 fumum
831 817 908 884 aab,
929 817 1025 871 Aesius
1042 815 1104 884 ulti,
1199 859 1200 864 ι

464 903 565 958 disiice
580 902 686 973 Afrani
704 906 766 972 ίορο
783 901 935 956 convenisse
952 901 1115 970 Menandro,

464 988 583 1043 Plautus
600 989 638 1043 ad
654 987 793 1057 exemplar
811 985 898 1042 Siculi
912 1004 1063 1057 properare
1079 986 1262 1065 Epicharmi

440 1073 568 1128 evincere
588 1073 720 1128 Caecilius
735 1072 877 1143 ρνσνίίσίο,
899 1073 1040 1128 Terentius
1057 1075 1123 1128 arte.

313 1157 378 1212 aci.
396 1159 483 1214 Arist
500 1159 572 1228 Eccl.
586 1162 634 1214 581
653 1152 719 1217 ἀλλ’
738 1151 772 1215 οδ
789 1157 902 1228 μέλλειν
922 1152 987 1215 ἀλλ’
1004 1149 1150 1217 ἅπτεσθαι
1167 1162 1216 1216 καί
1234 1152 1265 1231 δὴ
1282 1153 1338 1230 χρὴ
1358 1160 1408 1228 τῆς
1425 1152 1482 1212 ἐπι-

184 1288 188 1295 .
230 1242 325 1307 νοίας·
344 1237 384 1309 ὡς
401 1240 436 1300 τὸ
455 1241 588 1315 ταχύνειν
604 1245 735 1315 χαρίτων
751 1241 863 1314 μετέχει
881 1247 1018 1301 πλεῖστον
1035 1238 1115 1317 παρά
1133 1253 1209 1301 τοῖσι
1226 1249 1353 1308 θεαταῖς.

315 1364 347 1413 14
372 1361 506 1434 Porphyr.
519 1362 569 1416 vit
581 1362 652 1417 Plot.
665 1367 698 1416 24
718 1355 737 1421 i,
746 1361 799 1430 μὲν
811 1362 838 1428 (i.
848 1378 871 1417 e.
884 1355 1097 1434 Ἀπολλόδωρος
1111 1356 1126 1419 δ
1139 1354 1296 1434 Ἀθηναῖος)
1309 1355 1483 1432 Ἐπίχαρμον

229 1439 283 1501 τὸν
299 1443 558 1521 κωμωιδιογράφον
575 1447 616 1513 είς
633 1447 700 1504 δέκα
719 1442 827 1515 τόμους
844 1446 943 1519 φέρων
960 1443 1126 1519 συνήγαγεν.

316 1568 346 1618 15
374 1565 449 1620 Suid.
468 1562 619 1632 Λιονίσιος
635 1564 697 1631 viic
714 1569 767 1622 τοῦ
784 1567 918 1631 Σικελίας
934 1561 1077 1638 τυράννου
1098 1569 1148 1622 καί
1166 1559 1255 1632 αὐτὸς
1272 1562 1413 1636 τύραννος
1435 1565 1484 1618 καί

230 1647 405 1721 φιλόσοφος·
428 1646 609 1717 Ἐπιστολάς,
626 1653 675 1707 καί
693 1652 764 1722 Περί
781 1654 840 1707 τῶν
857 1647 1026 1723 ποιημάτων
1040 1645 1222 1724 Ἐπιχάρμου.

314 1769 505 1838 Apollodorus
522 1770 702 1839 Epicharmos
725 1769 813 1825 edidit
834 1769 977 1840 diligentia
999 1787 1030 1825 ac
1052 1770 1110 1824 fide
1127 1787 1193 1825 usus
1210 1785 1276 1824 vere
1294 1768 1484 1823 Alexandrina

229 1868 286 1907 non
304 1854 397 1922 qualia
413 1855 448 1910 ab
467 1856 528 1925 ipso
545 1862 630 1925 poeta
646 1856 747 1924 scripta
764 1855 913 1910 existimari
930 1862 1047 1923 possunt
1064 1855 1113 1910 sed
1132 1854 1223 1924 qualia
1240 1855 1269 1908 in
1286 1854 1363 1909 libris
1377 1853 1485 1908 traditis

228 1936 394 1995 ferebantur.
429 1941 560 1996 videntur
577 1947 668 1996 autem
684 1939 752 1995 haec
769 1939 894 2009 exempla
910 1956 967 1994 non
985 1939 1067 1995 nimis
1084 1940 1198 2008 antiqua
1214 1939 1300 1994 fuisse
1322 1938 1371 1994 sed
1392 1938 1428 1992 ad
1445 1955 1485 1992 re·
1559 1929 1560 1933 ’

229 2025 378 2080 centiorem
400 2025 537 2081 scribendi
554 2042 634 2080 usum
652 2024 812 2091 reformata,
834 2025 912 2080 velut
929 2024 1034 2079 litterae
1050 2026 1075 2076 f
1088 2025 1207 2094 vestigia
1230 2024 1278 2079 ubi
1298 2023 1360 2078 fieri
1377 2031 1486 2092 poterat

231 2108 376 2164 obscurata
397 2127 455 2166 non
476 2126 542 2166 sane
564 2111 600 2165 ad
615 2110 785 2182 Apollodori
802 2106 944 2165 arbitrium
966 2109 1016 2164 sed
1033 2110 1069 2165 ad
1085 2109 1217 2165 librorum
1235 2109 1320 2164 fidem
1342 2108 1486 2164 referenda

230 2193 367 2248 videntur.
402 2201 512 2250 servata
529 2202 594 2250 sunt
610 2195 676 2250 talia
692 2197 843 2268 βδελυχραί
861 2189 940 2251 ἁδέαι
952 2193 994 2260 (fr.
1008 2197 1060 2260 63),
1077 2214 1109 2251 τε
1128 2192 1240 2266 ἱέρακες
1252 2197 1314 2261 (68),
1332 2213 1365 2250 τε
1383 2191 1410 2249 oi
1424 2197 1485 2258 (11),

176 2347 179 2353 ,
230 2271 361 2350 ἄγροδεν
377 2273 454 2337 ἔοικε
466 2283 545 2346 (161),
564 2296 634 2349 quae
646 2280 706 2336 tolli
719 2295 777 2346 non
787 2278 867 2334 facile
879 2286 1014 2348 poterant,
1032 2280 1082 2334 sed
1098 2279 1132 2334 ir.
1145 2284 1176 2334 53
1195 2279 1295 2349 legitur
1314 2272 1366 2336 οὐκ
1384 2277 1486 2342 ίσαντι,

162 2385 165 2390 ·
230 2380 288 2418 non
311 2358 346 2421 οὐ
361 2365 489 2426 sicam,
518 2369 566 2419 166
585 2358 637 2436 οὐχ
655 2361 738 2431 ἑκών,
764 2381 821 2420 non
844 2356 879 2421 σά
896 2362 999 2429 εεκιόν,
1026 2381 1191 2434 quamquam
1214 2365 1262 2434 qui
1283 2364 1352 2419 haec
1372 2363 1487 2418 tradidit

231 2448 305 2502 idem
322 2449 486 2504 Athenaeus
502 2456 575 2504 recte
591 2449 626 2504 fr.
639 2455 670 2504 37
690 2450 723 2507 τύ
741 2450 771 2508 δὲ
788 2445 863 2507 ἑκών
880 2449 1010 2518 scriptum
1027 2449 1145 2519 reliquit
1179 2456 1264 2519 poeta
1281 2450 1304 2504 si
1322 2449 1425 2518 ubique
1443 2449 1485 2502 lit·

231 2541 290 2589 tera
306 2540 365 2589 tum
383 2535 451 2590 viva
468 2551 534 2590 usus
546 2543 596 2601 est,
613 2535 736 2605 grasdtm
752 2540 880 2603 corrupta
890 2533 1022 2588 videntur
1037 2533 1070 2588 ir.
1084 2538 1115 2588 21
1135 2535 1184 2592 αίκ
1196 2528 1317 2592 ἔσθοντ’
1329 2530 1411 2599 ίδοις.
1429 2550 1486 2588 σοι·-

231 2625 341 2688 ruptum
359 2619 441 2674 etiam
458 2619 492 2675 fr.
506 2624 538 2674 56
556 2623 657 2678 λεπταί
674 2619 728 2689 μὲν
745 2613 838 2678 άδεῑαι
855 2618 894 2685 δέ,
910 2619 976 2674 item
992 2618 1026 2673 ir.
1041 2623 1088 2673 111
1107 2613 1175 2691 φέρ’
1193 2615 1244 2676 ἴδω
1261 2626 1290 2675 et
1305 2620 1412 2689 siquae
1424 2619 1485 2673 alia.

232 2704 353 2759 abstinui
370 2705 545 2770 coniecturis,
568 2721 601 2760 ea
617 2706 759 2760 restituere
781 2711 926 2760 contentus
949 2718 1019 2772 quae
1037 2704 1242 2773 Apollodorum
1264 2705 1404 2774 scripsisse
1424 2721 1486 2772 pro-

231 2789 324 2844 babile
336 2795 401 2844 erat
462 2791 648 2845 commentarii
660 2790 845 2860 Apollodorei
861 2787 1008 2844 manifesta
1024 2789 1143 2859 vestigia
1161 2796 1341 2845 servaverunt
1352 2789 1439 2844 Varro
1453 2789 1487 2842 de

232 2874 250 2928 l.
268 2875 286 2928 l.
303 2874 330 2929 V
349 2878 397 2928 165
415 2880 444 2929 et
461 2874 615 2945 Hesychius
632 2892 654 2930 s.
672 2877 865 2947 περιαμβίδες.
900 2873 974 2928 illius
990 2874 1076 2943 igitur
1091 2873 1149 2942 fere
1167 2875 1260 2930 omnia
1277 2880 1341 2929 sunt
1363 2889 1433 2942 quac
1451 2873 1487 2927 ad

231 2965 331 3028 poetae
348 2959 435 3014 verba
452 2959 613 3027 explicanda
629 2960 731 3028 passim
749 2965 857 3015 veteres
874 2959 1058 3028 protulerunt,
1079 2959 1108 3013 in
1126 2959 1169 3014 his
1186 2975 1219 3014 ea
1237 2973 1347 3028 quoque
1370 2974 1441 3027 quae
1458 2958 1487 3027 in

233 3043 334 3099 scheda
350 3043 491 3099 chartacea
504 3043 545 3110 (ir.
558 3048 601 3110 99)
618 3050 766 3113 supersunt
782 3044 893 3099 scholia.
951 3059 1017 3099 vere
1034 3035 1214 3112 Epicharmea
1232 3060 1249 3098 a
1265 3043 1419 3099 subditioiis
1431 3058 1487 3096 car-

233 3128 353 3183 minibus
370 3128 474 3198 primus
495 3128 671 3185 hauddubie
689 3129 815 3184 distinxit
831 3128 1022 3198 Apollodorus
1040 3128 1154 3195 (Athen.
1172 3129 1240 3184 XIV
1258 3128 1348 3193 6486,
1370 3144 1398 3180 v.
1417 3142 1487 3195 quae
1555 3169 1561 3176 .

232 3213 503 3282 Pseudepicharmeis
520 3213 659 3283 praefatus
671 3218 749 3279 sum),
767 3214 791 3268 si
804 3214 915 3283 quidem
926 3213 1068 3269 Diodorus
1079 3212 1301 3282 Aristophaneus
1314 3212 1349 3267 de
1362 3211 1488 3266 Chironis

233 3299 360 3355 carminis
377 3298 517 3368 genuitate
534 3299 657 3353 nondum
675 3298 815 3354 dubitarit
833 3298 947 3363 (Athea
957 3299 999 3352 XI
1011 3301 1105 3363 419ο),
1123 3314 1231 3352 carmen
1248 3305 1339 3353 autom
1352 3297 1487 3354 Πολιτεία

233 3385 393 3452 inscriptum
418 3383 656 3454 grammaticorum
683 3383 794 3452 quidem
821 3399 902 3438 nemo
931 3383 1043 3439 vidctur
1068 3383 1226 3438 adhibuisse
1252 3389 1317 3451 post
1341 3381 1418 3436 illum
1444 3381 1488 3435 cui

233 3470 440 3525 Antiatticistae
462 3467 582 3524 Bekkeri
608 3467 703 3535 copiac
726 3467 868 3534 debentur,
893 3477 958 3536 post
978 3467 1195 3544 Aristophanem
1216 3467 1380 3540 Byzantium
1397 3464 1488 3531 (Cohn

233 3552 365 3608 Fleckeis.
389 3571 452 3609 ann.
474 3555 531 3611 vol.
553 3554 642 3622 suppl.
659 3553 716 3607 XII
738 3557 811 3618 191);
839 3570 1005 3623 quamquam
1027 3552 1080 3609 hoc
1103 3553 1179 3622 quod
1201 3552 1337 3608 adstruxit
1357 3551 1488 3606 Wilamo-

232 3638 341 3693 witzius
363 3638 495 3694 incertum
517 3646 560 3694 est
580 3645 770 3708 argumentum
791 3654 825 3694 eo
846 3639 966 3704 nomine,
989 3638 1065 3708 quod
1086 3653 1144 3693 non
1166 3654 1262 3694 omnes
1281 3635 1488 3692 Antiattioistac

120 3784 124 3792 q
234 3723 343 3792 glossae
360 3724 397 3778 ad
412 3724 630 3793 Aristophanem
646 3723 740 3778 referri
758 3730 882 3792 possunt

319 3859 474 3927 Epicharmi
495 3861 625 3930 reliquias
646 3859 759 3916 selectas
781 3860 936 3928 composuit
952 3858 1064 3913 Ahrens
1085 3859 1121 3914 de
1139 3858 1202 3913 dial.
1220 3859 1248 3912 Π
1268 3861 1327 3923 435,
1353 3857 1487 3927 integram

234 3943 361 4015 syllogcn
378 3944 496 4000 instituit
512 3945 625 4010 Lmenz,
643 3945 739 4002 Lebeu
754 3944 811 4000 und
830 3944 965 3999 Schriften
983 3944 1032 3998 des
1048 3943 1081 3997 Ε.
1100 3944 1187 4008 (1864)
1205 3956 1232 4008 p.
1245 3944 1303 3996 219.
