3164 4800
498 1184 837 1317 IOOMOEDIA
867 1237 1060 1316 DORlOA

385 1438 387 1443 ’
495 1547 498 1553 ¹
604 1465 630 1524 1.
659 1460 980 1525 *namroxnuvs

314 1595 493 1649 Tnsrmronnn

241 1701 253 1751 1
273 1696 442 1766 Hephaestio
456 1708 483 1765 p.·
492 1701 525 1750 49
538 1690 732 1764 Ἀριστόξενος
744 1695 774 1752 δὲ
787 1688 803 1750 ὁ
818 1689 1018 1760 Σελινούντιος
1028 1687 1206 1768 Ἐπιχάρμου
1218 1693 1418 1770 πρεσβύτερος

163 1781 278 1854 ἐγένετο
292 1778 419 1854 ποιητής,
438 1773 472 1839 οὗ
483 1784 532 1838 καὶ
544 1774 633 1846 αὐτὸς
649 1774 1003 1852 Ἐπίχαρμοςμνημονεύει
1020 1776 1052 1836 ἐν
1063 1781 1164 1853 Λόγοι
1174 1783 1224 1838 καὶ
1235 1782 1360 1854 Λογὶναι
1373 1776 1416 1838 ‘oi

163 1867 231 1934 τοὺς
248 1863 371 1940 ἰάμβους
388 1869 436 1923 καὶ
453 1861 507 1922 τὸν
524 1861 646 1937 ἄριστον
662 1860 785 1936 τρόπον,
804 1857 839 1921 ὃν
852 1868 965 1942 πρᾶτος
981 1858 1151 1936 εἰσηγήσαθ’
1168 1859 1381 1938 ὢριστόξενος’.

239 1992 254 2041 2
281 1985 418 2041 Eusebius
437 1985 527 2057 (Sync.
545 1989 604 2051 401,
619 1988 660 2050 18)
677 1985 706 2038 Π
724 1987 756 2039 86
775 1984 835 2040 Sch.
854 1984 890 2039 ad
908 1984 943 2038 ol.
956 1988 989 2038 28
1009 1975 1175 2055 Ἀρχίλοχος
1192 1987 1241 2041 καὶ
1259 1986 1419 2056 Σιμωνίδης

163 2093 200 2128 κα
202 2067 421 2140 ὶἈριστόξενος
439 2069 468 2127 oi
485 2073 618 2138 μουσικοὶ
635 2069 824 2135 (Arotoceooa
841 2067 960 2122 comico
977 2075 1049 2124 recte
1067 2069 1188 2136 Hieron)
1213 2067 1319 2142 ἐγνωρὶ
1319 2072 1416 2192 ζοντο.

163 2156 198 2212 ci
215 2155 308 2226 Bergk
326 2156 396 2211 Hist.
415 2156 466 2210 litt
484 2155 524 2210 IV
541 2161 566 2210 3

240 2241 438 2296 Aristoxenum
456 2240 589 2295 comicum
606 2247 718 2308 poetam
734 2238 820 2295 fuisse
837 2254 919 2293 nemo
936 2237 1058 2304 tradidit,
1078 2239 1186 2295 iambos
1203 2245 1232 2294 et
1247 2245 1419 2294 tetrametros

163 2327 261 2382 iecisse
272 2324 416 2395 probabile
428 2331 477 2379 est
506 2324 720 2393 Hephaestionis
733 2323 857 2379 doctrina
868 2324 979 2378 videtur
990 2338 1025 2378 ex
1036 2323 1204 2392 Apollodori
1216 2324 1253 2379 ad
1263 2323 1419 2393 Epicharmi

164 2412 251 2467 verba
262 2411 457 2467 commentario
474 2409 597 2476 fluxisse,
616 2409 663 2478 qui
677 2409 712 2464 de
723 2409 812 2478 patria
828 2415 927 2477 poetae
944 2408 1077 2462 incertum
1095 2414 1138 2463 est
1154 2415 1244 2464 utrum
1255 2408 1419 2478 Epicharmo

165 2515 200 2552 an
218 2497 273 2552 alio
291 2503 402 2552 auctore
419 2511 485 2549 usus
497 2495 541 2548 sit
570 2494 645 2562 apud
656 2494 806 2549 Eusebium
823 2510 881 2549 non
892 2499 982 2549 aetate
999 2493 1049 2548 sed
1060 2493 1142 2548 simili
1159 2495 1308 2549 carminum
1320 2510 1420 2564 genere

164 2582 292 2652 aequales
314 2589 413 2650 poetae
435 2580 580 2648 compositi
603 2586 675 2634 sunt.
709 2579 820 2635 comicis
842 2578 1042 2645 Aristoxenum
1069 2578 1213 2647 adscripsit
1239 2580 1286 2650 qui
1303 2595 1420 2634 ‘versum

165 2672 351 2722 tetrametrum
369 2665 572 2734 anapaesticum
590 2664 616 2719 ei
633 2663 759 2719 adfinxit

637 2849 778 2907 VERSVS
801 2850 954 2907 SPVRIVS

252 2955 438 3058 Hephaestp
451 2958 493 3019 49,
506 2959 521 3007 6
540 2955 588 3010 καὶ
606 2948 711 3010 τούτου
728 2957 782 3012 τοῦ
797 2947 992 3027 Ἀριστοξένου
1009 2951 1218 3024 μνημονείεταί
1235 2972 1299 3009 τινα
1317 2950 1421 3008 codrot

167 3045 219 3098 τῶι
236 3040 344 3113 μέτρονι
361 3031 545 3112 γεγραμμένα

230 3152 278 3222 τίς
300 3143 477 3226 diagonioe
500 3151 652 3210 πλείσταν
675 3146 802 3227 παρέχει
823 3150 893 3208 τῶν
915 3108 1121 3225 dudodecim
1146 3146 1197 3206 τοὶ
1218 3163 1355 3218 μαντεις.
