3164 4800
630 1206 933 1286 PRAEFATIO

252 1418 436 1481 Comicorum
464 1419 620 1478 atticorum
648 1414 815 1496 fragmenta
842 1415 942 1477 omnia
969 1425 1039 1477 ante
1065 1415 1120 1476 hos
1149 1433 1193 1476 Lx
1220 1415 1282 1476 iere
1309 1435 1407 1475 annos

152 1532 263 1608 primus
285 1530 376 1591 edidit
397 1528 569 1592 Avevsrvs
592 1527 752 1588 Mamurra
780 1527 888 1608 insigni
913 1547 981 1588 cum
1003 1548 1074 1589 cura
1095 1507 1231 1600 collecta,
1260 1526 1330 1587 scite
1350 1526 1408 1587 dis·

152 1643 262 1722 posita,
291 1641 442 1720 ingeniose
471 1639 626 1700 emendata
653 1647 683 1699 et
710 1637 864 1715 explicata.
908 1639 988 1720 quod
1016 1658 1092 1715 opus
1119 1639 1210 1718 plane
1238 1637 1408 1698 admirabile

42 1755 46 1762 ’
152 1775 219 1816 cum
245 1751 439 1814 aTheodoro
461 1751 552 1813 Kock
576 1749 744 1835 ‚expilatam
772 1750 864 1830 magis
886 1749 1014 1812 viderem
1043 1769 1132 1830 quam
1160 1749 1201 1810 ita
1228 1757 1262 1809 ut
1283 1747 1410 1810 debebat

153 1873 353 1937 retractatrmr,
388 1864 531 1924 decennio
564 1852 673 1923 abhinc
707 1862 769 1940 ipse
797 1861 962 1922 comoediae
992 1881 1112 1940 graecae
1145 1859 1282 1940 reliquias
1310 1860 1409 1921 denuo

152 1975 289 2055 colligere
311 1975 405 2054 coepi,
434 1995 498 2035 non
521 1995 580 2054 quo
601 1972 716 2036 viderer
742 1971 815 2032 mihi
837 1993 913 2053 quae
935 1971 1103 2032 Meinehius
1125 1971 1237 2051 egregie
1265 1971 1409 2048 praestitit

125 2137 128 2143 ,
151 2086 245 2148 multo
260 2085 364 2146 melius
384 2094 533 2166 praestare
547 2105 642 2165 posse,
664 2083 717 2146 sed
737 2093 772 2144 ut
790 2104 866 2164 quae
884 2083 935 2144 ille
949 2083 1036 2146 variis
1051 2082 1087 2143 de
1102 2083 1199 2144 causis
1220 2103 1259 2143 ne
1273 2091 1410 2160 potuerat

152 2197 270 2278 quidem
291 2206 440 2278 praestare
462 2196 638 2277 supplerem.
681 2215 779 2276 neque
807 2194 886 2255 enim
914 2195 985 2257 satis
1006 2203 1069 2256 erat
1096 2215 1177 2257 nova
1198 2193 1343 2274 quaedam
1363 2204 1409 2255 tu-

151 2307 309 2370 multuaria
331 2328 421 2388 opera
441 2307 610 2388 conquisita
634 2306 747 2387 pridem
768 2306 898 2369 inventis
924 2306 1030 2367 addere
1051 2306 1100 2370 vel
1121 2305 1208 2368 novis
1234 2305 1408 2367 coniecturis

150 2428 288 2501 corrupta
310 2428 464 2500 poetarum
486 2417 578 2482 verba
598 2426 750 2500 temptare,
773 2418 824 2480 sed
846 2417 988 2498 quoniam
1009 2426 1039 2479 et
1059 2417 1181 2498 deipsis
1203 2417 1300 2496 poetis
1322 2417 1409 2477 etde

151 2551 253 2593 eorum
274 2531 326 2611 qui
346 2539 501 2610 poetarum
527 2531 680 2591 memorias
709 2550 863 2592 servavere
883 2528 942 2589 fide
963 2538 992 2590 et
1013 2529 1185 2590 auctoritaie
1206 2528 1313 2589 rectius
1335 2527 1409 2589 iudi·

151 2661 218 2702 care
238 2641 404 2714 didicimus,
433 2641 523 2721 longa
545 2640 628 2701 aliter
649 2639 745 2701 multa
766 2661 801 2701 ac
822 2640 925 2719 gravia
950 2639 1038 2701 nobis
1066 2638 1300 2700 administranda
1324 2647 1410 2699 erant

150 2772 239 2832 quam
263 2752 336 2813 olim
358 2751 517 2814 Meinekio.
560 2751 607 2813 his
628 2751 716 2831 igitur
737 2750 842 2813 studiis
870 2750 1004 2811 intentus
1031 2770 1102 2812 mox
1128 2771 1196 2812 cum
1217 2751 1409 2813 VDALmovs

149 2880 195 2923 nu
210 2863 435 2926 Wmauowrrz
463 2863 576 2924 maiora
601 2861 722 2924 molitus
750 2861 884 2923 omnium
911 2871 1064 2942 poetarum
1091 2883 1262 2943 graecorum
1290 2863 1411 2923 disiecta

152 2974 282 3036 membra
302 2973 342 3036 ad
363 2973 453 3036 unius
475 2973 604 3055 corporis
627 2973 752 3058 speciem
774 2973 936 3053 composita
960 2973 1044 3034 edere
1066 2975 1277 3048 constituisset,
1305 2973 1409 3035 libenti

150 3085 249 3147 animo
277 3086 424 3167 privatam
452 3105 546 3146 meam
577 3105 697 3162 operam
723 3084 872 3146 communi
898 3084 979 3166 operi
1000 3085 1191 3149 commodavi.
1234 3086 1276 3146 ita
1297 3084 1409 3146 iactum

149 3204 195 3257 est
223 3205 258 3258 ut
284 3195 398 3258 dudum
430 3206 535 3278 parata
562 3196 738 3258 comicorum
767 3196 854 3258 editio
885 3197 999 3277 reliqua
1030 3197 1125 3278 operis
1157 3196 1314 3259 volumina
1341 3195 1410 3257 licet

150 3306 253 3368 ordine
273 3307 372 3389 priora
397 3307 590 3369 antecederet.

233 3417 327 3499 primo
355 3418 412 3481 hoc
441 3417 583 3480 fasciculo
612 3426 766 3499 poctarum
794 3417 964 3481 Siculorum
993 3427 1023 3479 et
1048 3418 1234 3480 Italiotarum
1267 3438 1343 3498 quae
1371 3438 1409 3479 ex
1458 3411 1468 3450 ’-

147 3527 302 3591 comoediis
330 3529 425 3591 mimis
454 3528 632 3610 phlyacibus
662 3538 823 3610 supersunt
848 3530 1013 3611 composui,
1042 3529 1142 3591 addito
1171 3530 1259 3590 etiam
1281 3528 1408 3607 Sopatro

147 3639 271 3717 Paphio,
298 3640 350 3721 qui
371 3639 439 3702 licet
461 3640 565 3702 atticae
587 3639 752 3702 comoediae
773 3641 934 3702 imitatione
956 3640 1086 3702 imbutus
1109 3641 1185 3701 iusto
1207 3649 1308 3701 tamen
1330 3650 1408 3704 vete·

147 3771 214 3811 rum
243 3750 349 3813 iudicio
378 3750 510 3830 parodus
537 3750 586 3813 vel
607 3751 723 3834 phlyax
748 3752 924 3830 appellatur.
968 3761 1122 3830 poetarum
1143 3751 1272 3832 reliquiis
1300 3752 1410 3814 subieci

148 3859 325 3942 glossarium
340 3861 523 3936 italioticum,
546 3862 688 3925 sermonis
703 3863 893 3925 Doriensium
909 3872 1055 3944 quotquot
1072 3863 1103 3922 in
1118 3861 1218 3925 Sicilia
1231 3863 1280 3926 vel
1295 3863 1410 3944 Magna

147 3970 275 4036 Graecia
297 3973 381 4036 sedes
395 3973 526 4036 habuere
539 3973 693 4038 vocabulis
708 3974 839 4036 collectis
860 3973 998 4035 omnibus
1021 3994 1097 4055 quae
1111 3974 1148 4035 ad
1164 3984 1258 4036 certos
1273 3985 1408 4038 auctores

145 4083 246 4145 referri
268 4105 332 4145 non
353 4093 503 4162 poterant,
531 4106 594 4150 uon
618 4106 677 4166 quo
700 4086 798 4148 omnia
820 4085 893 4146 haec
915 4106 931 4146 e
953 4086 1132 4148 carminibus
1155 4087 1294 4148 scaenicis
1317 4088 1409 4167 petita

145 4192 313 4270 arbitrarer,
347 4196 398 4259 sed
430 4206 465 4258 ut
496 4197 558 4259 eius
592 4194 733 4260 sermonis
766 4198 930 4278 pleniorem
961 4208 1210 4277 repraesentarem
1242 4199 1406 4279 imaginem,

145 4326 205 4387 quo
228 4307 253 4368 si
274 4307 374 4370 minus
389 4307 595 4386 Epicharmus,
618 4319 650 4371 at
670 4309 810 4376 Sophron
832 4309 988 4371 Rhinthon
1012 4311 1109 4368 Sciras
1124 4308 1249 4364 Blaesus
1271 4312 1408 4362 utramvis
