3164 4800
569 290 616 338 DE
633 287 812 340 COMOEDIA
830 285 970 337 GRAECA

375 458 515 544 ὅθενπερ
538 455 686 543 ἐσχήκασι
708 465 822 540 κλῆσιν
844 453 1029 540 δραμάτων.

375 572 494 643 μίμους
515 560 577 646 γὰρ
599 564 810 646 έκτρέφοντες
832 555 953 641 ἄνδρας
973 559 1117 637 θυμέλης

320 679 362 729 105
375 679 558 748 μιμητικοτς
580 661 742 747 ἔπραττον
764 659 893 729 άταντα
914 656 1065 742 τρόποις,

378 766 508 852 άνδρῶν
530 773 697 848 γυναικῶν
719 761 948 842 ἐκμιμούμενοι
969 765 1056 840 δέος.

376 878 479 936 ταῦτα
500 866 541 934 τά
562 865 658 934 κοινὰ
679 872 782 932 τῶνδε
803 871 858 931 καί
879 867 1063 945 μεμιγμένα.

421 967 582 1056 διαφορὰν
602 965 751 1049 μάνθανε
771 977 828 1051 τῆς
848 973 1048 1046 κωμωιδίας·

379 1070 418 1158 ἧς
440 1076 691 1155 εἰκοσιτέσσαρες
713 1075 745 1138 οί
765 1067 975 1154 χορεργάται,

322 1187 366 1238 110
379 1178 546 1242 ἑκκαίδεκα
568 1179 601 1240 δέ
624 1171 775 1257 σατύρων
797 1177 1000 1257 τραγωιδίας.

381 1283 565 1358 κωμωιδίας
587 1273 709 1358 έφημεν
731 1277 813 1342 εἶναι
837 1273 896 1342 τὸν
918 1279 1033 1356 γέλων,

381 1385 574 1465 τραγωιδίας
595 1378 695 1445 πάλιν
718 1383 752 1444 δέ
773 1376 831 1461 τὴν
853 1383 1064 1460 δρηνωιδίαν,

382 1489 450 1546 τῶν
473 1479 626 1566 σατύρων
647 1484 752 1561 γέλων
775 1486 808 1547 δέ
830 1487 884 1547 καί
905 1485 1115 1563 δρηνωιδίαν.

427 1592 541 1667 κλῆσιν
563 1588 596 1649 δέ
618 1592 681 1650 νῦν
702 1580 850 1662 μάνθανε
874 1588 931 1665 τῆς
952 1585 1152 1660 κωμωιδίας·

326 1697 369 1748 115
382 1682 506 1765 κώμαις
529 1701 708 1770 στενωποῖς
729 1683 880 1763 κύματος
902 1690 980 1767 πρίν
1001 1683 1037 1748 έν
1056 1678 1179 1765 χρόνωι

383 1791 540 1872 ἐφενρέθη
561 1792 630 1870 μέν,
654 1786 699 1867 ὡς
721 1790 803 1871 ἔφην
824 1786 995 1869 α’νωτέρω·

383 1889 495 1974 άγρῶν
517 1895 550 1956 δέ
572 1888 696 1970 κώμαις
719 1892 930 1971 ἐκτελουμένη
953 1883 1027 1953 τότε

385 1992 507 2072 κυάμοις
528 1992 613 2076 παρ’
635 1992 747 2071 αύτοτς
772 1999 827 2059 καί
849 1989 963 2068 πότοις
984 1985 1149 2056 Διονύσου

386 2101 571 2174 κωμωιδίας
592 2092 706 2178 εὕρηκε
727 2103 841 2178 κλῆσιν
864 2089 1016 2174 εὐλόγως.

329 2209 372 2258 120
386 2203 561 2282 τραγωιδία
584 2203 617 2263 δέ
639 2195 727 2281 παρὰ
748 2195 808 2280 τὴν
831 2199 926 2264 οἴνου
948 2192 1064 2278 τρύγα,

388 2301 423 2364 ἐν
444 2295 537 2384 ἧιπερ
560 2301 724 2383 έξέχρισαν
746 2298 858 2366 αὑτῶν
879 2297 938 2378 τὰς
958 2301 1051 2378 θέας,
1072 2319 1077 2335 ·

386 2401 406 2485 ἢ
429 2399 517 2483 παρὰ
538 2399 598 2484 τὴν
620 2399 722 2484 τρύγα
744 2406 777 2468 δέ
799 2399 859 2485 τὴν
881 2404 1090 2483 δωρουμένην

387 2497 458 2588 ἦτοι
479 2503 539 2570 τὸν
561 2505 656 2570 οἶνον
680 2503 821 2571 Ἀττικωι
843 2502 977 2582 πάντως
998 2500 1115 2583 λόγωι,

380 2605 404 2689 ἢ
427 2605 487 2673 τὸν
509 2603 631 2691 τράγον
653 2611 687 2673 δὲ
708 2613 763 2673 καί
784 2606 990 2693 τετράγωνον
1013 2602 1134 2682 στάσιν,

331 2707 405 2791 12ὅῆ
429 2707 488 2792 τὴν
509 2716 704 2793 τραχωιδίαν
725 2736 761 2777 τε
781 2717 836 2776 καί
857 2713 1068 2794 δρηνωιδίαν.

389 2809 428 2876 τὸ
450 2811 628 2897 σατυρικὸν
650 2815 685 2878 έκ
707 2811 859 2896 σατύρων
881 2810 1006 2896 εὑρέθη.

389 2910 468 2992 τοὺς
490 2913 630 2998 ἀγρότας
651 2920 685 2980 δέ
707 2922 785 2999 πρίν
807 2910 949 2980 ἐκάλουν
975 2907 1150 2995 σατύρους·

391 3017 426 3080 ἐκ
448 3022 552 3083 τῶνδε
573 3025 655 3099 γοῦν
677 3013 791 3100 εὕρηκε
816 3014 875 3100 τὴν
898 3024 1011 3099 κλῆσιν
1033 3011 1114 3080 τόδε.

434 3119 543 3201 ἔσχηκε
564 3126 618 3184 καί
639 3129 753 3204 κλῆσιν
776 3124 809 3185 δέ
831 3126 934 3184 ταῦτα
956 3113 1139 3200 δραμάτων,

333 3229 375 3280 130
390 3219 431 3285 ού
444 3218 508 3304 μὴν
528 3226 561 3288 δέ
579 3219 709 3304 λοιπόν,
729 3219 774 3300 ὡς
792 3220 832 3288 τὰ
851 3216 964 3300 λοιπά,
986 3215 1197 3303 γραμμάτων·

391 3325 534 3407 έδρῶντο
555 3332 610 3390 καί
631 3323 692 3407 γὰρ
715 3327 750 3390 έν
771 3331 881 3403 μίμοις
905 3330 984 3408 πρὶν
1005 3317 1162 3405 ἀνδράσιν

393 3431 436 3503 είς
463 3428 607 3509 Τηλέφου
628 3434 752 3509 μίμημα
774 3432 828 3491 καί
854 3422 1064 3508 Φιλοκτήτου,
1188 3412 1191 3417 ’

392 3525 470 3593 ούδ’
491 3530 526 3594 έν
546 3525 662 3608 μόνοις
683 3524 866 3613 γράμμασιν
891 3529 953 3609 εἶχε
973 3523 1033 3611 τὴν
1055 3521 1177 3590 στάσιν.

434 3637 615 3724 μονωιδίαν
635 3628 784 3709 μάνθανε
806 3628 867 3696 σύν
889 3629 1017 3710 αύτοῑς,
1039 3632 1164 3694 τέκνον.

337 3741 380 3793 135
393 3739 532 3812 γίνωσκε
552 3741 675 3817 κυρίως
696 3738 730 3800 δέ
751 3731 810 3817 τὴν
830 3737 1019 3810 μονωιδίαυ,

392 3831 474 3900 ὅταν
494 3835 598 3916 μόνος
619 3840 707 3920 λέγηι
728 3861 777 3914 τις
799 3838 834 3900 ἐν
856 3839 1082 3919 δρηνωιδίαις,

394 3935 476 4003 κατὰ
498 3943 532 4004 δέ
553 3936 765 4023 παράχρησιν,
787 3936 829 4004 άυ
851 3941 938 4019 λέγηι
959 3932 1062 4014 μόνος

237 4209 287 4260 103
306 4207 378 4260 ὅθεν
395 4213 581 4278 παρτσχῆκιιοι
598 4214 648 4263 ΒΜ
718 4213 767 4263 118
786 4213 881 4276 κοίμαε
897 4210 922 4260 Α
990 4210 1035 4259 καί
1055 4208 1152 4257 τόκοιο
1168 4205 1197 4266 Ρ,
1216 4205 1249 4254 ef.
1267 4219 1293 4255 v.
1305 4204 1339 4255 40

149 4293 199 4344 ¹1⁹
218 4293 312 4361 ’ὕειν
328 4297 433 4360 mim,
455 4298 489 4348 01.
506 4313 532 4354 v.
546 4300 608 4352 128:
635 4299 741 4368 αριστι
757 4298 787 4361 P,
815 4295 910 4362 ειχηιε
927 4294 1023 4358 reliqui
1126 4293 1174 4343 121
1195 4289 1289 4341 αιτιοι
1307 4288 1356 4338 ιιι
1372 4288 1409 4338 P:

149 4377 200 4429 ‘a‘
218 4377 313 4431 αὐτῶν
329 4381 437 4446 ΝῙῘἿΠῘ,
455 4384 489 4433 01.
504 4399 532 4435 ·v.
545 4385 580 4436 44
649 4386 699 4437 130
716 4383 890 4454 γραμμάτων
907 4380 963 4430 soil.
975 4374 1069 4445 κλῆσιν
1080 4378 1174 4443 ἔσχηκε
1242 4377 1302 4438 post
1318 4374 1407 4424 v.131

148 4476 242 4515 ’Μ
258 4464 360 4532 integer
376 4482 465 4520 emus
481 4469 510 4518 in
528 4472 550 4520 1
620 4471 670 4523 ιεο
688 4464 750 4538 λιγη
767 4469 804 4519 A:
831 4461 901 4536 λιμι
917 4464 1014 4529 reliqui
