3164 4800
571 248 619 298 DE
636 246 816 299 COMOEDIA
833 245 974 297 GRAECA

387 445 505 498 πεντας
528 423 561 485 δέ
583 413 714 487 τούτων
737 416 825 482 ἐστίν
846 418 1032 500 ἐξηιρημένη

383 521 535 606 Ὅμηρος,
559 519 724 600 Ἡσίοδος,
752 517 897 597 Πάνυσις
919 527 1044 603 τρίτος,

387 630 601 708 Πείσανδρος,
624 620 826 703 Ἀντίμαχος·
854 625 886 687 οί
909 620 944 686 δ’
966 621 1061 688 ἄλλοι
1083 625 1167 696 νέοι,

389 722 497 810 ὧνπερ
520 722 580 791 τὸν
603 721 701 803 έσμὸν
723 731 772 802 τίς
789 721 963 807 ,διαγράφει
984 720 1099 806 λόγος;

317 841 374 915 71’ί5
431 826 520 894 οὕτω
541 825 582 893 τὰ
604 824 712 893 πάντα
735 824 775 891 σὺ
796 823 914 904 μαδῶν
936 825 1014 892 κατ’
1035 825 1131 908 α’ξίαν

388 937 526 1011 γίνωσκε
547 937 656 1008 καλῶς
678 934 732 995 καί
755 925 924 1012 διάκρινον
945 936 1081 1008 βίβλους

388 1039 443 1099 καί
465 1040 620 1114 τεχνικῶς
641 1027 749 1113 βάδιζε
774 1029 857 1114 πρὸς
879 1029 989 1113 λόγων
1011 1038 1152 1114 τρίβους.

646 1290 649 1296 ι
666 1289 871 1298 —————

180 1524 274 1590 VIII.
308 1520 398 1586 ΤΟΥ
418 1520 565 1588 ΑΥΤΟΥ
585 1518 731 1586 ΙΑΜΒΟΙ
752 1520 962 1587 ΤΕΧΝΙΚΟΙ
982 1520 1084 1586 ΠΕΡΙ
1105 1521 1359 1588 ΚΩΜΩΙΔΙΑΣ.

388 1678 527 1761 Επείπερ
548 1675 643 1761 ἡμῶν
664 1691 735 1755 τοῖς
756 1675 903 1758 άτέχνοις
924 1683 1003 1760 πρίν
1025 1685 1144 1760 στίχοις
1167 1703 1169 1707 ⁴

387 1788 525 1865 τριπλῆν
548 1788 653 1845 τελεῖν
668 1780 786 1862 ,εἴρηκα
807 1776 867 1861 τὴν
888 1784 1085 1862 κωμωιδίαν,

387 1880 522 1966 πρωτην
545 1879 631 1960 ὁμοῦ
651 1884 752 1964 μέσην
774 1905 808 1946 τε
830 1887 884 1947 καί
906 1879 965 1964 τὴν
988 1879 1136 1965 ὑστέραν,

386 1986 468 2068 έφην
491 1988 524 2049 δέ
546 1990 601 2049 καί
622 1979 789 2066 γνώρισμα
811 1992 879 2048 τῶν
901 1991 1004 2066 τριῶν
1024 1980 1108 2064 τότε,
1139 1975 1142 1979 ’

273 2089 276 2095 ’
360 2085 451 2151 5οάκ
474 2084 617 2169 ἀκριβῶς
640 2087 720 2169 έφην
743 2089 776 2150 δέ
798 2093 865 2151 τιᾶν
885 2089 976 2169 μέχρι
997 2089 1121 2168 τέλους,

388 2186 427 2254 τὰ
450 2197 513 2254 νῦν
536 2191 613 2271 φέρε
634 2185 811 2270 γράψωμεν
833 2186 1076 2270 η’κριβωμένως,

388 2288 481 2356 ιιόσαΙ
495 2294 575 2373 μέρη
597 2314 631 2354 τε
653 2286 802 2370 τυγχάνει
824 2295 1018 2370 κωμωιδίας,

388 2399 442 2458 καί
465 2401 522 2475 τῆς
544 2387 757 2474 παραβάσεως
780 2389 887 2457 ὁκόσα
913 2397 945 2458 δέ
967 2390 1107 2476 τὰμέρη

388 2504 461 2561 τίνα
483 2519 517 2560 τε
539 2501 656 2573 ταῦτα,
682 2503 836 2575 τεχνικῶς
858 2519 893 2560 τε
914 2479 1118 2577 πῶς’πρέτιει

348 2610 376 2658 10
391 2602 575 2675 κωμωιδίας
595 2593 731 2679 γράφειν
753 2619 787 2661 τε
808 2603 863 2663 καί
884 2603 1087 2680 τραγωιδίας.

431 2703 510 2782 μέρη
531 2703 591 2776 μέν
614 2704 673 2763 είσί
694 2702 831 2782 τέσσαρα
853 2706 1050 2778 κωμωιδίας·

389 2809 524 2884 πρῶτον
539 2798 713 2883 πρόλογος,
735 2798 773 2866 τὸ
788 2805 878 2883 μέχρι
892 2811 997 2885 χοροῦ
1012 2811 1068 2885 τῆς
1083 2799 1222 2883 εἰσόδου,

389 2901 426 2969 τὸ
449 2911 512 2969 του·
530 2911 636 2986 χοροῦ
656 2906 754 2982 μέλος
777 2907 810 2968 δέ
833 2899 984 2986 δεότερον
1006 2907 1100 2986 λέγω,

391 3008 555 3083 ἐπείσοδος
576 3012 689 3087 τρίτον
712 3008 762 3071 δέ·
796 3013 828 3071 τί
849 3010 882 3071 δέ
904 3003 1071 3088 τυγχάνει;
1217 3087 1221 3097 ¹

348 3119 375 3168 15
390 3105 491 3187 λόγος
511 3104 633 3187 μεταξὺ
655 3105 740 3190 πλὴν
761 3116 870 3187 μελῶν
889 3117 1000 3192 χορῶν
1023 3105 1098 3174 δυό·

390 3206 547 3293 τέταρτόν
570 3212 656 3276 ἐστιν
678 3211 789 3289 ἔξοδος
811 3207 930 3294 ταότης
950 3214 1062 3293 μέρος,

390 3310 488 3393 λόγος
508 3320 614 3394 χοροῦ
635 3337 684 3390 τις
706 3320 766 3376 τῶι
787 3315 869 3377 τέλει
891 3316 1087 3392 λελεγμένας.
1170 3385 1171 3388 ¹

391 3411 472 3480 τόσα
492 3418 572 3498 μέρη
593 3419 653 3493 μέν
676 3419 735 3479 εἰσί
757 3422 812 3497 τῆς
834 3420 1026 3493 κωμωιδίας.

434 3514 513 3583 έπτά
537 3521 571 3601 δέ
592 3513 687 3602 <τῆς>
708 3514 921 3600 παραβάσεως
943 3522 1001 3582 εἰσί
1022 3521 1111 3600 μέρη,

347 3617 410 3685 2οά
432 3628 495 3685 νῦν
518 3628 631 3701 σαφῶς
652 3613 752 3686 άκουε
773 3626 894 3684 λεπτῶι
915 3627 974 3684 τῶι
996 3617 1105 3700 λόγωι.

391 3719 409 3786 ὃ
433 3719 576 3800 κωμικὸς
594 3719 694 3804 χορὸς
714 3725 774 3799 μέν
797 3718 975 3804 ὀρχήστρας
996 3718 1126 3801 τόκοις,
1226 3777 1228 3781 1

142 3877 337 3885 —-—-—

234 3962 283 4012 172
310 3958 435 4010 Πάνυοιε
450 3959 525 4010 ΑΒΜ
551 3960 666 4023 itemque
693 3959 749 4008 eod.
771 3958 851 4010 Paris.
871 3959 894 4008 G
911 3960 1018 4011 Tzetzae
1045 3959 1115 4010 Prol.
1141 3959 1169 4008 in
1195 3959 1301 4010 Hesiod.
1324 3976 1350 4024 p.
1371 3962 1403 4012 12

144 4045 224 4095 Gaisf.
242 4045 276 4094 αί.
294 4044 364 4094 Ησιί
381 4045 413 4094 de
431 4045 582 4094 Tzetzarum
598 4046 702 4094 nomine
719 4043 781 4095 vitis
798 4044 901 4107 scriptis
919 4061 944 4108 p.
954 4047 987 4096 69
1041 4047 1091 4096 174
1110 4039 1260 4114 διαγράψαι
1276 4045 1351 4095 ΑΒΜ

145 4133 194 4181 176
205 4145 243 4194 sq.
264 4123 415 4196 διακρίνων
426 4129 509 4192 ΑΒΜ,
529 4124 668 4196 διάκρινον
680 4130 715 4178 P:
733 4143 799 4178 corr.
812 4128 958 4178 Baohmann
1031 4132 1080 4182 177
1098 4133 1144 4180 καί
1162 4131 1194 4180 P:
1214 4131 1252 4181 ὡε
1267 4132 1343 4181 ΑΒΜ
1355 4132 1405 4195 (ὡς

144 4215 265 4280 τεχνικόν
281 4214 316 4279 A)

229 4333 296 4383 vm
320 4333 392 4383 deest
408 4333 458 4382 hoe
474 4347 577 4383 carmen
595 4331 622 4381 in
635 4333 664 4395 P,
682 4332 779 4383 habent
792 4333 867 4382 ΑΒΜ
927 4327 994 4385 8δέ
1011 4334 1062 4384 del.
1074 4334 1253 4386 Duebneralii
1305 4339 1405 4388 9τίνα

146 4414 175 4470 aa
193 4419 244 4470 ΒΜ
314 4419 347 4469 ιο
366 4417 610 4483 mmmm
679 4421 710 4470 21
731 4419 813 4470 dom.
831 4419 882 4467 BM
1147 4427 1149 4430 ⁴
